2944 4900
495 337 863 420 PROLEGOMENA.
1207 339 1251 410 45

105 525 208 607 pssimi
242 523 445 590 commentarii
474 525 614 604 ellatiret,
651 532 752 613 atque
772 533 910 595 heroibus
947 538 1051 613 poetae
1086 529 1252 594 laenitatem

104 629 243 694 scribendi
262 630 450 709 assignaret?
485 631 559 694 Nam
586 633 617 694 in
645 633 721 696 bunc
748 630 895 696 numerum
924 634 1032 696 saltem*
1045 649 1105 694 nou
1119 635 1203 696 ‚uenit
1225 635 1251 696 is

104 735 193 807 locus,
215 733 271 794 etsi
294 734 393 812 magni
415 736 580 796 aestimatus
603 736 639 797 ab
655 735 826 818 antiquariis
848 735 1010 810 nonnullis,
1033 733 1063 795 in
1086 753 1144 814 quo
1166 736 1253 800 disci-

103 837 203 917 plinam
236 834 399 898 litterarum
431 857 449 898 a
483 837 622 918 Pelasgis
655 849 809 902 serratam·
829 859 867 902 cx
903 839 1012 901 ddurio
1050 840 1183 902 mentitur
1199 835 1251 920 37).

105 941 293 1000 Commeatum
310 938 371 1000 boc
387 947 430 1000 est
452 939 569 1002 aniliter
588 940 776 1004 fabulantium
797 943 1014 1015 historicorum,
1041 943 1185 1020 geminum
1206 943 1250 1006 illi
1269 953 1303 1006 to

104 1043 135 1104 de
158 1043 295 1114 Noaobo,
327 1041 428 1121 qualia
454 1041 580 1104 libenter
606 1045 730 1126 arripuit
757 1046 814 1106 ista
833 1052 924 1106 aetas.
973 1046 1011 1105 At
1039 1045 1069 1105 in
1098 1043 1251 1112 antatbio

103 1165 156 1208 non
179 1145 325 1207 llustatbii
353 1144 503 1224 opiniones
535 1147 714 1224 quaerimus,
752 1147 804 1209 sed
837 1136 1023 1211 uetustiorem
1049 1147 1250 1226 litteratorum,

104 1267 217 1328 quorum
237 1246 359 1310 Scholia
379 1254 447 1310 ante
467 1247 568 1310 oculos
589 1249 724 1311 habebat.
775 1249 821 1312 Ex
848 1249 893 1311 bis
921 1256 1017 1310 autem
1037 1249 1164 1313 Soboliis
1186 1268 1250 1316 eum

104 1351 202 1430 ubique
224 1358 253 1416 et
274 1350 305 1409 in
326 1333 361 1410 iis
382 1350 515 1412 versibus
536 1351 676 1425 maxine,
699 1353 748 1413 ubi
767 1371 827 1414 rem
849 1371 908 1414 non
929 1351 1024 1412 obiter
1042 1361 1163 1429 mactat,
1190 1355 1250 1417 alia

104 1453 190 1515 omnia
210 1452 340 1526 reterre,
363 1451 464 1533 paullo
487 1471 556 1514 mox
576 1453 740 1516 uiderimus.
1092 1537 1095 1544 Ι

194 1553 270 1616 Num
288 1571 359 1617 roro
371 1546 521 1618 'Homerus
546 1555 609 1638 ipse
630 1557 760 1634 ignotam
779 1555 916 1616 heroibus
945 1558 1005 1620 suns
1033 1564 1123 1620 artem
1143 1559 1249 1633 scierit,

67 1670 69 1676 ·
103 1677 235 1738 nusquam
257 1673 311 1720 nec
323 1657 585 1732 Eustatbius-uec,
610 1667 747 1738 quantum
762 1675 819 1737 ego
832 1653 964 1740 reperio,
990 1661 1143 1743 qnisquam
1156 1661 1252 1746 Scb07

103 1761 244 1824 litatorum
269 1761 396 1841 quaerit:
431 1761 473 1821 ita
492 1771 542 1820 res
572 1762 664 1822 abiis
686 1779 740 1823 nec
762 1760 922 1824 albrmatur
941 1781 995 1826 neo
1016 1772 1142 1842 negatur
1163 1781 1251 1844 prae-

104 1863 164 1926 cise.
207 1866 254 1928 Ac
275 1864 375 1944 quanti
395 1860 663 1928 laciamasilloram
684 1881 786 1936 uoces,
809 1865 835 1926 si
856 1883 907 1928 eas
922 1867 1063 1930 mendacii
1079 1868 1251 1930 conducant
1358 1929 1359 1932 ,

104 1975 211 2042 orento,
249 1983 326 2046 quae
355 1983 393 2026 ne
430 1971 557 2026 extrema
585 1965 698 2046 quiden
728 1974 810 2028 aetus
835 1967 923 2048 plane
952 1969 1163 2037 dissimularint
1206 1974 1249 2036 Ne

104 2068 198 2130 nullo:
250 2061 348 2128 etiam
371 2061 605 2131 Alexandrinos¹
625 2068 754 2131 Gritioos-
785 2069 862 2130 baud
896 2070 982 2132 dubie
1017 2076 1146 2136 exercuit
1176 2077 1250 2138 baec

105 2172 244 2250 quaestio:
281 2187 334 2231 neo
358 2171 475 2234 aliunde
497 2189 583 2252 quarn
610 2185 648 2232 ex
671 2169 912 2252 disputationibus
936 2189 1035 2235 eorum
1055 2177 1197 2252 manauit,
1225 2178 1250 2238 si

105 2277 166 2354 quid
185 2273 368 2338 auctoritatis
389 2274 418 2334 in
433 2281 519 2334 tanta
540 2274 653 2334 iactura
674 2273 814 2334 librorum
828 2281 956 2336 ueterum
978 2277 1114 2356 ambiguo
1137 2278 1251 2342 silentio

104 2377 281 2444 scholiorum
309 2384 474 2438 nostrorum
502 2377 629 2438 obiicere
656 2390 819 2456 possumus.
869 2377 915 2450 lta
936 2379 1114 2445 sentiendum
1144 2390 1188 2444 est
1216 2381 1252 2446 de

105 2482 275 2546 memorabili
312 2479 381 2542 loco
394 2479 548 2562 ''losepbi,
582 2479 632 2540 ubi
653 2479 806 2560 perspicue
836 2477 920 2553 dicit,
957 2479 1133 2544 Homerum
1168 2483 1254 2545 madi

104 2589 251 2670 scriptura
281 2603 375 2645 uorem
405 2603 469 2643 non
498 2583 603 2666 fuisse
628 2585 662 2643 in
685 2581 869 2665 pangendis
902 2583 1117 2662 Carminibus,
1151 2599 1302 2666 capereto

30 2731 32 2764 η
101 2690 194 2766 primo
216 2687 394 2748 memoriter
417 2679 557 2768 prodita
574 2681 607 2746 ire
637 2685 751 2766 vulgas
780 2691 812 2743 et
833 2693 1033 2768 propagata,
1057 2695 1172 2768 postea
1202 2689 1251 2748 lit-

30 2823 31 2856 3
105 2793 171 2850 teris
191 2787 355 2874 ‚mandata
378 2785 461 2850 darre
485 2788 623 2871 formam
651 2793 842 2875 attererem
870 2786 1039 2848 adscivisse
1055 2783 1109 2866 ³³).
1160 2789 1253 2851 Unica

141 3075 247 3149 37)'bd
266 3074 295 3133 ll.
315 3081 341 3143 β.
359 3091 383 3144 p.
401 3077 461 3131 ³58.
493 3071 535 3126 Ex
551 3078 628 3137 tanto
648 3075 743 3128 merito
769 3072 902 3146 Belasgoa
928 3072 962 3128 ab
982 3072 1101 3130 floruero
1120 3079 1253 3147 appellari

203 3165 295 3224 δίοος.
332 3159 426 3214 Nouae
447 3160 613 3222 mironem,
633 3161 771 3228 egregium
791 3165 964 3217 conuentum
982 3162 1016 3214 ab
1036 3159 1157 3218 Euatatb.
1176 3163 1253 3216 sllorl
1277 3217 1279 3224 ,

198 3249 236 3305 ad
256 3268 281 3302 κ.
299 3247 359 3302 tae.
378 3250 404 3298 et
424 3243 520 3312 tldpss.
532 3241 564 3295 'r.
585 3243 680 3300 177.‘t·
699 3243 739 3296 rin
761 3244 830 3298 torte
848 3259 903 3296 non
922 3243 971 3296 luit
988 3246 1015 3296 iu
1037 3243 1154 3303 Scholiis
1174 3247 1255 3299 eius?
1274 3307 1275 3312 ἵ

203 3334 283 3389 Certe
301 3329 444 3386 nostraid
469 3345 523 3382 non
541 3325 672 3389 aberunt,
692 3323 746 3378 'acc
766 3325 841 3383 Diod.
861 3327 913 3378 Sic.
935 3325 975 3391 V,
1002 3332 1061 3389 57„
1086 3327 1134 3382 ubl
1156 3329 1255 3382 similia

204 3418 342 3472 fabulator
360 3417 395 3470 de
413 3415 590 3468 monumentis
608 3410 758 3465 litterarum
777 3411 926 3478 absumptis
943 3413 971 3464 in
991 3409 1102 3464 diluvio.
1150 3411 1254 3466 Trans.

204 3518 285 3558 curro
307 3495 386 3558 'aliud
405 3499 533 3572 quiddam
561 3500 589 3550 ln
613 3494 674 3549 loco
695 3492 843 3562 Eustatbii,
875 3495 948 3567 quod
972 3494 1059 3562 docti,
1087 3495 1183 3568 quibus
1208 3497 1255 3552 ille

204 3587 348 3650 familiaria
374 3592 431 3651 est,
467 3585 549 3638 etiam
575 3597 629 3635 non
652 3577 791 3658 admoniti
806 3582 1034 3648 animaduertcut3
1068 3585 1152 3638 ceteri
1176 3581 1254 3636 modo

204 3671 359 3735 crederent,
378 3675 440 3735 aut,
459 3671 662 3726 minna-natura
680 3665 799 3730 creduli,
821 3667 849 3719 in
869 3667 1041 3736 cupiditatem
1061 3683 1145 3724 meam
1162 3668 1253 3722 troba-

204 3756 273 3812 rent.
309 3754 437 3810 Neutrum
456 3743 602 3824 periculum
620 3745 668 3806 bic
682 3751 774 3806 subire
792 3752 866 3809 libet.

147 3839 192 3909 ³8)
210 3839 312 3896 Contra
330 3841 426 3918 Apion.
444 3836 471 3904 l,
487 3845 514 3894 2.
533 3854 559 3908 p.
577 3839 639 3900 439·
673 3833 743 3910 ’Orbi
764 3837 812 3888 καὶ
829 3831 914 3906 μόλις
933 3831 1066 3906 ἔγνωσαν
1084 3839 1113 3890 oi
1125 3832 1256 3902 Ἓλληνες

174 3954 178 3962 ·
205 3923 297 3998 φύσιν
328 3919 518 3997 γραμμάτων.
574 3923 617 3976 Oi
640 3918 717 3992 peip
755 3917 1012 3992 ἀρχαιοτάτην
1039 3917 1159 3974 αὐτῶν
1183 3915 1256 3998 Ιτην

173 4015 344 4085 ’χρῆσιν
363 4007 462 4063 εἶναι
479 4009 676 4070 θέλοντες,
693 4001 794 4078 παρὰ
813 4008 1007 4058 Φοινίκων
1024 4000 1255 4076 aeathdpov

206 4091 465 4168 σεμνύνονται
482 4095 640 4164 μαθεῖν·
662 4085 696 4142 οὐ
715 4087 775 4160 μὴν
797 4087 857 4146 oe’d'
876 4087 926 4142 ἀπ’
944 4089 1057 4145 ἐκείνου
1074 4093 1126 4142 τοῦ
1143 4088 1256 4164 χρόνου

207 4176 388 4238 dirueretur
413 4173 450 4232 ἂν
478 4177 569 4238 δεῖξαι
600 4173 764 4246 σωζομένην
791 4170 977 4248 ἀναγρᾳφήν,
1010 4171 1069 4228 οὔτ’
1097 4175 1129 4230 ἐν
1155 4177 1254 4248 ἱεροῖς,

208 4261 267 4318 οὔτ’
285 4263 318 4320 ἒν
335 4261 491 4335 δημοσίοις
518 4258 711 4332 ἀναθήμασιν.
747 4257 881 4327 (Miratur
897 4258 949 4314 hot}
966 4257 985 4314 Ι.
1007 4255 1038 4312 G.
1057 4257 1170 4314 Vettius
1190 4273 1254 4329 pro-

206 4353 267 4417 pter
291 4347 397 4402 nobilia
421 4349 616 4417 epigrammata
639 4343 779 4414 llerodoti.
814 4343 902 4398 Aliter
918 4358 990 4400 naon
1007 4345 1123 4401 sentient
1147 4345 1184 4408 ii,
1209 4345 1255 4412 qul
