<?xml version="1.0" encoding="UTF-8"?>
<!DOCTYPE html PUBLIC "-//W3C//DTD XHTML 1.0 Transitional//EN"
    "http://www.w3.org/TR/xhtml1/DTD/xhtml1-transitional.dtd">
<html xmlns="http://www.w3.org/1999/xhtml" xml:lang="en" lang="en">
 <head>
  <title>
</title>
<meta http-equiv="Content-Type" content="text/html;charset=utf-8" />
  <meta name='ocr-system' content='tesseract 3.04.00' />
  <meta name='ocr-capabilities' content='ocr_page ocr_carea ocr_par ocr_line ocrx_word'/>
</head>
<body>
  <div class='ocr_page' id='page_1' title='image "./prolegomenaadho02wolfgoog_0047.png"; bbox 0 0 2944 4900; ppageno 0'>
   <div class='ocr_carea' id='block_1_1' title="bbox 226 331 1002 428">
    <p class='ocr_par' dir='ltr' id='par_1_1' title="bbox 226 331 1002 428">
     <span class='ocr_line' id='line_1_1' title="bbox 226 331 1002 428; baseline -0.006 -26"><span class='ocrx_word' id='word_1_1' title='bbox 226 335 269 402; x_wconf 79' lang='lat' dir='ltr'><strong>aa</strong></span> <span class='ocrx_word' id='word_1_2' title='bbox 635 331 1002 428; x_wconf 75' lang='lat' dir='ltr'><strong>nnonncounun.</strong></span> 
     </span>
    </p>
   </div>
   <div class='ocr_carea' id='block_1_2' title="bbox 183 522 1460 2550">
    <p class='ocr_par' dir='ltr' id='par_1_2' title="bbox 229 522 1389 1016">
     <span class='ocr_line' id='line_1_2' title="bbox 229 522 1388 607; baseline 0.003 -21"><span class='ocrx_word' id='word_1_3' title='bbox 229 523 310 588; x_wconf 85' lang='lat' dir='ltr'><strong>lanta</strong></span> <span class='ocrx_word' id='word_1_4' title='bbox 332 541 412 607; x_wconf 86' lang='lat' dir='ltr'><strong>esse,</strong></span> <span class='ocrx_word' id='word_1_5' title='bbox 441 523 554 586; x_wconf 89' lang='lat' dir='ltr'><strong>minime</strong></span> <span class='ocrx_word' id='word_1_6' title='bbox 585 522 700 586; x_wconf 91' lang='lat' dir='ltr'><strong>dubiurn</strong></span> <span class='ocrx_word' id='word_1_7' title='bbox 725 532 782 586; x_wconf 88' lang='lat' dir='ltr'><strong>est:</strong></span> <span class='ocrx_word' id='word_1_8' title='bbox 818 532 895 586; x_wconf 87' lang='lat' dir='ltr'><strong>certe</strong></span> <span class='ocrx_word' id='word_1_9' title='bbox 928 522 1040 605; x_wconf 88' lang='lat' dir='ltr'><strong>optimis</strong></span> <span class='ocrx_word' id='word_1_10' title='bbox 1063 524 1229 586; x_wconf 86' lang='lat' dir='ltr'><strong>auctoribus</strong></span> <span class='ocrx_word' id='word_1_11' title='bbox 1252 527 1388 590; x_wconf 89' lang='lat' dir='ltr'><strong>accredi-</strong></span> 
     </span>
     <span class='ocr_line' id='line_1_3' title="bbox 232 625 1389 706; baseline 0.002 -16"><span class='ocrx_word' id='word_1_12' title='bbox 232 645 310 702; x_wconf 89' lang='lat' dir='ltr'><strong>mus,</strong></span> <span class='ocrx_word' id='word_1_13' title='bbox 332 626 416 706; x_wconf 80' lang='lat' dir='ltr'><strong>leges</strong></span> <span class='ocrx_word' id='word_1_14' title='bbox 437 626 544 706; x_wconf 77' lang='lat' dir='ltr'>ligneis</span> <span class='ocrx_word' id='word_1_15' title='bbox 565 625 672 688; x_wconf 88' lang='lat' dir='ltr'><strong>tabulis</strong></span> <span class='ocrx_word' id='word_1_16' title='bbox 692 635 721 687; x_wconf 89' lang='lat' dir='ltr'><strong>et</strong></span> <span class='ocrx_word' id='word_1_17' title='bbox 741 629 846 690; x_wconf 86' lang='lat' dir='ltr'><strong>axibus</strong></span> <span class='ocrx_word' id='word_1_18' title='bbox 867 646 886 688; x_wconf 91' lang='lat' dir='ltr'><strong>a</strong></span> <span class='ocrx_word' id='word_1_19' title='bbox 907 625 1018 686; x_wconf 90' lang='lat' dir='ltr'><strong>Solone</strong></span> <span class='ocrx_word' id='word_1_20' title='bbox 1040 625 1164 706; x_wconf 90' lang='lat' dir='ltr'><strong>aliisque</strong></span> <span class='ocrx_word' id='word_1_21' title='bbox 1185 627 1301 690; x_wconf 86' lang='lat' dir='ltr'><strong>incisas.</strong></span> <span class='ocrx_word' id='word_1_22' title='bbox 1346 633 1389 692; x_wconf 79' lang='lat' dir='ltr'><strong>Ar</strong></span> 
     </span>
     <span class='ocr_line' id='line_1_4' title="bbox 230 725 1389 812; baseline -0.003 -16"><span class='ocrx_word' id='word_1_23' title='bbox 230 731 298 796; x_wconf 92' lang='lat' dir='ltr'><strong>buic</strong></span> <span class='ocrx_word' id='word_1_24' title='bbox 324 730 473 792; x_wconf 86' lang='lat' dir='ltr'><strong>materiae</strong></span> <span class='ocrx_word' id='word_1_25' title='bbox 503 725 578 788; x_wconf 90' lang='lat' dir='ltr'><strong>alias</strong></span> <span class='ocrx_word' id='word_1_26' title='bbox 612 729 703 809; x_wconf 86' lang='lat' dir='ltr'><strong>quam&#39;</strong></span> <span class='ocrx_word' id='word_1_27' title='bbox 724 731 856 812; x_wconf 87' lang='lat' dir='ltr'><strong>publicas</strong></span> <span class='ocrx_word' id='word_1_28' title='bbox 889 729 1000 790; x_wconf 74' lang='lat' dir='ltr'><strong>litteras</strong></span> <span class='ocrx_word' id='word_1_29' title='bbox 1034 729 1214 790; x_wconf 75' lang='lat' dir='ltr'><strong>mandavisse</strong></span> <span class='ocrx_word' id='word_1_30' title='bbox 1246 729 1389 804; x_wconf 87' lang='lat' dir='ltr'><strong>Graecos,</strong></span> 
     </span>
     <span class='ocr_line' id='line_1_5' title="bbox 231 829 1388 913; baseline 0 -16"><span class='ocrx_word' id='word_1_31' title='bbox 231 853 316 898; x_wconf 88' lang='lat' dir='ltr'><strong>nemo</strong></span> <span class='ocrx_word' id='word_1_32' title='bbox 336 842 443 895; x_wconf 89' lang='lat' dir='ltr'><strong>temere</strong></span> <span class='ocrx_word' id='word_1_33' title='bbox 464 829 579 903; x_wconf 85' lang='lat' dir='ltr'><strong>credat,</strong></span> <span class='ocrx_word' id='word_1_34' title='bbox 610 831 666 891; x_wconf 91' lang='lat' dir='ltr'><strong>nisi</strong></span> <span class='ocrx_word' id='word_1_35' title='bbox 690 835 736 893; x_wconf 91' lang='lat' dir='ltr'><strong>cui</strong></span> <span class='ocrx_word' id='word_1_36' title='bbox 756 833 859 894; x_wconf 84' lang='lat' dir='ltr'><strong>Boeoti</strong></span> <span class='ocrx_word' id='word_1_37' title='bbox 879 833 1078 912; x_wconf 75' lang='lat' dir='ltr'><strong>persuaserint</strong></span> <span class='ocrx_word' id='word_1_38' title='bbox 1106 832 1143 894; x_wconf 89' lang='lat' dir='ltr'><strong>de</strong></span> <span class='ocrx_word' id='word_1_39' title='bbox 1172 833 1306 913; x_wconf 88' lang='lat' dir='ltr'><strong>plumbeo</strong></span> <span class='ocrx_word' id='word_1_40' title='bbox 1329 854 1388 898; x_wconf 91' lang='lat' dir='ltr'><strong>suo</strong></span> 
     </span>
     <span class='ocr_line' id='line_1_6' title="bbox 234 926 1389 1016; baseline 0 -17"><span class='ocrx_word' id='word_1_41' title='bbox 234 935 393 1016; x_wconf 81' lang='lat' dir='ltr'><strong>exemplari</strong></span> <span class='ocrx_word' id='word_1_42' title='bbox 412 926 536 1015; x_wconf 77' lang='grc' dir='ltr'><em>Ἔργων</em></span> <span class='ocrx_word' id='word_1_43' title='bbox 557 933 694 1007; x_wconf 72' lang='lat' dir='ltr'><strong>Hesiodi,</strong></span> <span class='ocrx_word' id='word_1_44' title='bbox 717 933 797 1014; x_wconf 90' lang='lat' dir='ltr'><strong>quod</strong></span> <span class='ocrx_word' id='word_1_45' title='bbox 819 935 900 994; x_wconf 84' lang='lat' dir='ltr'><strong>iuxta</strong></span> <span class='ocrx_word' id='word_1_46' title='bbox 921 931 1027 994; x_wconf 82' lang='lat' dir='ltr'><strong>tantem</strong></span> <span class='ocrx_word' id='word_1_47' title='bbox 1047 932 1194 996; x_wconf 88' lang='lat' dir='ltr'><strong>Heliconis</strong></span> <span class='ocrx_word' id='word_1_48' title='bbox 1215 936 1287 998; x_wconf 83' lang='lat' dir='ltr'><strong>uidit</strong></span> <span class='ocrx_word' id='word_1_49' title='bbox 1306 937 1389 1000; x_wconf 88' lang='lat' dir='ltr'><strong>Pau-</strong></span> 
     </span>
    </p>

    <p class='ocr_par' dir='ltr' id='par_1_3' title="bbox 183 1032 1460 2550">
     <span class='ocr_line' id='line_1_7' title="bbox 183 1032 1389 1120; baseline 0.001 -18"><span class='ocrx_word' id='word_1_50' title='bbox 183 1051 217 1106; x_wconf 83' lang='grc'><strong>61</strong></span> <span class='ocrx_word' id='word_1_51' title='bbox 235 1039 334 1110; x_wconf 81' lang='lat' dir='ltr'><strong>sanias</strong></span> <span class='ocrx_word' id='word_1_52' title='bbox 350 1032 409 1116; x_wconf 79' lang='lat'><strong>²³),</strong></span> <span class='ocrx_word' id='word_1_53' title='bbox 431 1036 484 1098; x_wconf 88' lang='lat' dir='ltr'><strong>sed</strong></span> <span class='ocrx_word' id='word_1_54' title='bbox 505 1033 648 1100; x_wconf 76' lang='lat' dir='ltr'><strong>uetustate</strong></span> <span class='ocrx_word' id='word_1_55' title='bbox 669 1035 799 1118; x_wconf 80' lang='lat' dir='ltr'>plurimis</span> <span class='ocrx_word' id='word_1_56' title='bbox 818 1035 951 1115; x_wconf 85' lang='lat' dir='ltr'><strong>partilrus</strong></span> <span class='ocrx_word' id='word_1_57' title='bbox 970 1045 1135 1116; x_wconf 86' lang='lat' dir='ltr'><strong>corruptum</strong></span> <span class='ocrx_word' id='word_1_58' title='bbox 1155 1038 1269 1100; x_wconf 83' lang='lat' dir='ltr'><strong>uidetur</strong></span> <span class='ocrx_word' id='word_1_59' title='bbox 1283 1040 1389 1120; x_wconf 78' lang='lat' dir='ltr'><strong>legere</strong></span> 
     </span>
     <span class='ocr_line' id='line_1_8' title="bbox 233 1137 1389 1224; baseline -0.001 -18"><span class='ocrx_word' id='word_1_60' title='bbox 233 1161 292 1206; x_wconf 89' lang='lat' dir='ltr'><strong>non</strong></span> <span class='ocrx_word' id='word_1_61' title='bbox 319 1141 460 1224; x_wconf 85' lang='lat' dir='ltr'><strong>potuisse.</strong></span> <span class='ocrx_word' id='word_1_62' title='bbox 511 1137 549 1200; x_wconf 90' lang='lat' dir='ltr'><strong>Ut</strong></span> <span class='ocrx_word' id='word_1_63' title='bbox 576 1156 647 1200; x_wconf 83' lang='lat' dir='ltr'><strong>nero</strong></span> <span class='ocrx_word' id='word_1_64' title='bbox 677 1138 795 1219; x_wconf 89' lang='lat' dir='ltr'><strong>publica</strong></span> <span class='ocrx_word' id='word_1_65' title='bbox 821 1147 1002 1199; x_wconf 88' lang='lat' dir='ltr'><strong>monumenta</strong></span> <span class='ocrx_word' id='word_1_66' title='bbox 1027 1137 1109 1217; x_wconf 79' lang='lat' dir='ltr'><strong>ligno</strong></span> <span class='ocrx_word' id='word_1_67' title='bbox 1135 1148 1223 1221; x_wconf 87' lang='lat' dir='ltr'><strong>atque</strong></span> <span class='ocrx_word' id='word_1_68' title='bbox 1252 1141 1389 1218; x_wconf 75' lang='lat' dir='ltr'><strong>metallis,</strong></span> 
     </span>
     <span class='ocr_line' id='line_1_9' title="bbox 233 1240 1389 1324; baseline 0.001 -18"><span class='ocrx_word' id='word_1_69' title='bbox 233 1247 276 1308; x_wconf 88' lang='lat' dir='ltr'><strong>ita</strong></span> <span class='ocrx_word' id='word_1_70' title='bbox 297 1254 438 1324; x_wconf 89' lang='lat' dir='ltr'><strong>utraque,</strong></span> <span class='ocrx_word' id='word_1_71' title='bbox 457 1242 486 1302; x_wconf 94' lang='lat' dir='ltr'><strong>in</strong></span> <span class='ocrx_word' id='word_1_72' title='bbox 508 1241 607 1321; x_wconf 88' lang='lat' dir='ltr'><strong>primis</strong></span> <span class='ocrx_word' id='word_1_73' title='bbox 629 1241 760 1321; x_wconf 82' lang='lat' dir='ltr'><strong>privata,</strong></span> <span class='ocrx_word' id='word_1_74' title='bbox 781 1240 878 1301; x_wconf 83' lang='lat' dir='ltr'><strong>linteis</strong></span> <span class='ocrx_word' id='word_1_75' title='bbox 898 1240 1040 1322; x_wconf 88' lang='lat' dir='ltr'><strong>inscripta</strong></span> <span class='ocrx_word' id='word_1_76' title='bbox 1060 1260 1139 1318; x_wconf 88' lang='lat' dir='ltr'><strong>esse,</strong></span> <span class='ocrx_word' id='word_1_77' title='bbox 1160 1261 1301 1324; x_wconf 88' lang='lat' dir='ltr'><strong>perquam</strong></span> <span class='ocrx_word' id='word_1_78' title='bbox 1323 1265 1389 1308; x_wconf 92' lang='lat' dir='ltr'><strong>cre-</strong></span> 
     </span>
     <span class='ocr_line' id='line_1_10' title="bbox 234 1328 1389 1426; baseline 0 -16"><span class='ocrx_word' id='word_1_79' title='bbox 234 1345 323 1410; x_wconf 89' lang='lat' dir='ltr'><strong>dibile</strong></span> <span class='ocrx_word' id='word_1_80' title='bbox 344 1345 435 1419; x_wconf 83' lang='lat' dir='ltr'><strong>foret,</strong></span> <span class='ocrx_word' id='word_1_81' title='bbox 468 1344 492 1404; x_wconf 94' lang='lat' dir='ltr'><strong>si</strong></span> <span class='ocrx_word' id='word_1_82' title='bbox 515 1342 602 1404; x_wconf 91' lang='lat' dir='ltr'><strong>modo</strong></span> <span class='ocrx_word' id='word_1_83' title='bbox 623 1343 737 1405; x_wconf 90' lang='lat' dir='ltr'><strong>omnino</strong></span> <span class='ocrx_word' id='word_1_84' title='bbox 762 1344 817 1406; x_wconf 93' lang='lat' dir='ltr'><strong>boc</strong></span> <span class='ocrx_word' id='word_1_85' title='bbox 848 1360 940 1422; x_wconf 80' lang='lat' dir='ltr'><strong>genus</strong></span> <span class='ocrx_word' id='word_1_86' title='bbox 960 1343 1133 1406; x_wconf 81' lang='lat' dir='ltr'><strong>uoluminum</strong></span> <span class='ocrx_word' id='word_1_87' title='bbox 1153 1328 1237 1426; x_wconf 90' lang='lat' dir='ltr'><strong>apud</strong></span> <span class='ocrx_word' id='word_1_88' title='bbox 1256 1346 1389 1410; x_wconf 87' lang='lat' dir='ltr'><strong>Graecos</strong></span> 
     </span>
     <span class='ocr_line' id='line_1_11' title="bbox 232 1445 1389 1529; baseline 0 -17"><span class='ocrx_word' id='word_1_89' title='bbox 232 1449 295 1512; x_wconf 90' lang='lat' dir='ltr'><strong>ullo</strong></span> <span class='ocrx_word' id='word_1_90' title='bbox 317 1458 448 1529; x_wconf 88' lang='lat' dir='ltr'><strong>tempore</strong></span> <span class='ocrx_word' id='word_1_91' title='bbox 470 1447 606 1508; x_wconf 91' lang='lat' dir='ltr'><strong>usitatum</strong></span> <span class='ocrx_word' id='word_1_92' title='bbox 627 1445 738 1508; x_wconf 83' lang='lat' dir='ltr'><strong>luisset.</strong></span> <span class='ocrx_word' id='word_1_93' title='bbox 771 1445 867 1522; x_wconf 75' lang='lat' dir='ltr'><strong>&#39;Quod</strong></span> <span class='ocrx_word' id='word_1_94' title='bbox 893 1465 980 1526; x_wconf 92' lang='lat' dir='ltr'><strong>quum</strong></span> <span class='ocrx_word' id='word_1_95' title='bbox 1001 1462 1084 1508; x_wconf 86' lang='lat' dir='ltr'><strong>secus</strong></span> <span class='ocrx_word' id='word_1_96' title='bbox 1106 1447 1158 1522; x_wconf 88' lang='lat' dir='ltr'><strong>sit,</strong></span> <span class='ocrx_word' id='word_1_97' title='bbox 1184 1448 1272 1529; x_wconf 91' lang='lat' dir='ltr'><strong>idque</strong></span> <span class='ocrx_word' id='word_1_98' title='bbox 1293 1467 1389 1529; x_wconf 82' lang='lat' dir='ltr'><strong>genus</strong></span> 
     </span>
     <span class='ocr_line' id='line_1_12' title="bbox 234 1541 1390 1642; baseline 0.001 -28"><span class='ocrx_word' id='word_1_99' title='bbox 234 1552 306 1615; x_wconf 89' lang='lat' dir='ltr'><strong>solis</strong></span> <span class='ocrx_word' id='word_1_100' title='bbox 326 1550 464 1614; x_wconf 83' lang='lat' dir='ltr'><strong>Romanis</strong></span> <span class='ocrx_word' id='word_1_101' title='bbox 495 1549 639 1609; x_wconf 87' lang='lat' dir='ltr'><strong>tribuatur</strong></span> <span class='ocrx_word' id='word_1_102' title='bbox 655 1541 714 1624; x_wconf 69' lang='grc'><strong>24),</strong></span> <span class='ocrx_word' id='word_1_103' title='bbox 743 1565 779 1608; x_wconf 89' lang='lat' dir='ltr'><strong>ac</strong></span> <span class='ocrx_word' id='word_1_104' title='bbox 807 1547 830 1608; x_wconf 91' lang='lat' dir='ltr'><strong>si</strong></span> <span class='ocrx_word' id='word_1_105' title='bbox 859 1547 916 1642; x_wconf 67' lang='lat' dir='ltr'><strong>cui0</strong></span> <span class='ocrx_word' id='word_1_106' title='bbox 932 1547 1007 1610; x_wconf 82' lang='lat' dir='ltr'><strong>tonte</strong></span> <span class='ocrx_word' id='word_1_107' title='bbox 1031 1548 1157 1629; x_wconf 78' lang='lat' dir='ltr'><strong>placebit</strong></span> <span class='ocrx_word' id='word_1_108' title='bbox 1185 1553 1245 1615; x_wconf 87' lang='lat' dir='ltr'><strong>eius</strong></span> <span class='ocrx_word' id='word_1_109' title='bbox 1262 1554 1390 1635; x_wconf 88' lang='lat' dir='ltr'><strong>copiam</strong></span> 
     </span>
     <span class='ocr_line' id='line_1_13' title="bbox 232 1643 1389 1738; baseline 0.002 -22"><span class='ocrx_word' id='word_1_110' title='bbox 232 1647 377 1736; x_wconf 83' lang='lat' dir='ltr'><strong>praebere</strong></span> <span class='ocrx_word' id='word_1_111' title='bbox 396 1651 494 1725; x_wconf 86' lang='lat' dir='ltr'><strong>blasi,</strong></span> <span class='ocrx_word' id='word_1_112' title='bbox 516 1659 547 1711; x_wconf 89' lang='lat' dir='ltr'><strong>ut</strong></span> <span class='ocrx_word' id='word_1_113' title='bbox 569 1651 632 1731; x_wconf 90' lang='lat' dir='ltr'><strong>ipse</strong></span> <span class='ocrx_word' id='word_1_114' title='bbox 654 1649 877 1712; x_wconf 86' lang='lat' dir='ltr'><strong>Pentateucbum</strong></span> <span class='ocrx_word' id='word_1_115' title='bbox 897 1657 1032 1712; x_wconf 76' lang='lat' dir='ltr'><strong>contexat</strong></span> <span class='ocrx_word' id='word_1_116' title='bbox 1047 1643 1106 1728; x_wconf 81' lang='lat'><strong>²⁵),</strong></span> <span class='ocrx_word' id='word_1_117' title='bbox 1127 1671 1163 1714; x_wconf 92' lang='lat' dir='ltr'><strong>ne</strong></span> <span class='ocrx_word' id='word_1_118' title='bbox 1183 1654 1299 1717; x_wconf 83' lang='lat' dir='ltr'><strong>linteam</strong></span> <span class='ocrx_word' id='word_1_119' title='bbox 1323 1658 1389 1738; x_wconf 93' lang='lat' dir='ltr'><strong>qui-</strong></span> 
     </span>
     <span class='ocr_line' id='line_1_14' title="bbox 233 1751 1390 1832; baseline 0.003 -15"><span class='ocrx_word' id='word_1_120' title='bbox 233 1755 298 1817; x_wconf 89' lang='lat' dir='ltr'><strong>dem</strong></span> <span class='ocrx_word' id='word_1_121' title='bbox 318 1753 411 1816; x_wconf 87' lang='lat' dir='ltr'><strong>Iliada</strong></span> <span class='ocrx_word' id='word_1_122' title='bbox 430 1753 514 1814; x_wconf 91' lang='lat' dir='ltr'><strong>nobis</strong></span> <span class='ocrx_word' id='word_1_123' title='bbox 537 1752 705 1830; x_wconf 80' lang='lat' dir='ltr'><strong>confingere</strong></span> <span class='ocrx_word' id='word_1_124' title='bbox 717 1751 791 1812; x_wconf 91' lang='lat' dir='ltr'><strong>licet.</strong></span> <span class='ocrx_word' id='word_1_125' title='bbox 824 1751 925 1832; x_wconf 89' lang='lat' dir='ltr'><strong>ltaque</strong></span> <span class='ocrx_word' id='word_1_126' title='bbox 941 1751 1091 1816; x_wconf 89' lang='lat' dir='ltr'><strong>admodum</strong></span> <span class='ocrx_word' id='word_1_127' title='bbox 1105 1755 1278 1818; x_wconf 82' lang='lat' dir='ltr'><strong>inconditam</strong></span> <span class='ocrx_word' id='word_1_128' title='bbox 1294 1767 1390 1820; x_wconf 88' lang='lat' dir='ltr'><strong>artem</strong></span> 
     </span>
     <span class='ocr_line' id='line_1_15' title="bbox 232 1853 1389 1936; baseline 0.005 -20"><span class='ocrx_word' id='word_1_129' title='bbox 232 1856 374 1916; x_wconf 88' lang='lat' dir='ltr'><strong>mansisse</strong></span> <span class='ocrx_word' id='word_1_130' title='bbox 395 1863 518 1935; x_wconf 85' lang='lat' dir='ltr'><strong>apparet</strong></span> <span class='ocrx_word' id='word_1_131' title='bbox 539 1861 568 1914; x_wconf 88' lang='lat' dir='ltr'><strong>et</strong></span> <span class='ocrx_word' id='word_1_132' title='bbox 589 1853 766 1915; x_wconf 88' lang='lat' dir='ltr'><strong>rarissimum</strong></span> <span class='ocrx_word' id='word_1_133' title='bbox 786 1873 869 1915; x_wconf 86' lang='lat' dir='ltr'><strong>nsum</strong></span> <span class='ocrx_word' id='word_1_134' title='bbox 889 1856 966 1930; x_wconf 88' lang='lat' dir='ltr'><strong>eius,</strong></span> <span class='ocrx_word' id='word_1_135' title='bbox 988 1863 1142 1936; x_wconf 76' lang='lat' dir='ltr'><strong>antequam</strong></span> <span class='ocrx_word' id='word_1_136' title='bbox 1155 1877 1218 1920; x_wconf 89' lang='lat' dir='ltr'><strong>eam</strong></span> <span class='ocrx_word' id='word_1_137' title='bbox 1237 1861 1266 1920; x_wconf 90' lang='lat' dir='ltr'><strong>irr</strong></span> <span class='ocrx_word' id='word_1_138' title='bbox 1289 1862 1389 1922; x_wconf 86' lang='lat' dir='ltr'><strong>crillis</strong></span> 
     </span>
     <span class='ocr_line' id='line_1_16' title="bbox 232 1955 1460 2038; baseline 0.002 -18"><span class='ocrx_word' id='word_1_139' title='bbox 232 1957 280 2020; x_wconf 80' lang='lat' dir='ltr'><strong>tel</strong></span> <span class='ocrx_word' id='word_1_140' title='bbox 301 1957 428 2038; x_wconf 81' lang='lat' dir='ltr'><strong>caprinis</strong></span> <span class='ocrx_word' id='word_1_141' title='bbox 450 1955 575 2037; x_wconf 87' lang='lat' dir='ltr'><strong>pellibus</strong></span> <span class='ocrx_word' id='word_1_142' title='bbox 600 1955 761 2036; x_wconf 79' lang='lat' dir='ltr'><strong>procedere</strong></span> <span class='ocrx_word' id='word_1_143' title='bbox 788 1957 1017 2020; x_wconf 85' lang='lat' dir='ltr'><strong>animadversum</strong></span> <span class='ocrx_word' id='word_1_144' title='bbox 1043 1970 1115 2022; x_wconf 89' lang='lat' dir='ltr'><strong>erat.</strong></span> <span class='ocrx_word' id='word_1_145' title='bbox 1164 1961 1196 2022; x_wconf 92' lang='lat' dir='ltr'><strong>ld</strong></span> <span class='ocrx_word' id='word_1_146' title='bbox 1218 1972 1320 2024; x_wconf 54' lang='lat' dir='ltr'><strong>⁴autern</strong></span> <span class='ocrx_word' id='word_1_147' title='bbox 1349 1965 1389 2025; x_wconf 90' lang='lat' dir='ltr'><strong>ab</strong></span> <span class='ocrx_word' id='word_1_148' title='bbox 1459 1997 1460 2022; x_wconf 45' lang='lat' dir='ltr'><strong>r</strong></span> 
     </span>
     <span class='ocr_line' id='line_1_17' title="bbox 231 2056 1390 2150; baseline 0.006 -28"><span class='ocrx_word' id='word_1_149' title='bbox 231 2059 350 2145; x_wconf 85' lang='lat' dir='ltr'><strong>loiribns</strong></span> <span class='ocrx_word' id='word_1_150' title='bbox 372 2061 531 2122; x_wconf 89' lang='lat' dir='ltr'><strong>institutum</strong></span> <span class='ocrx_word' id='word_1_151' title='bbox 552 2056 700 2120; x_wconf 89' lang='lat' dir='ltr'><strong>luculento</strong></span> <span class='ocrx_word' id='word_1_152' title='bbox 722 2059 806 2135; x_wconf 90' lang='lat' dir='ltr'><strong>loco,</strong></span> <span class='ocrx_word' id='word_1_153' title='bbox 832 2079 916 2141; x_wconf 88' lang='lat' dir='ltr'><strong>quem</strong></span> <span class='ocrx_word' id='word_1_154' title='bbox 928 2061 1084 2142; x_wconf 87' lang='lat' dir='ltr'><strong>aliquoties</strong></span> <span class='ocrx_word' id='word_1_155' title='bbox 1104 2059 1275 2150; x_wconf 69' lang='lat' dir='ltr'><strong>memoravi}</strong></span> <span class='ocrx_word' id='word_1_156' title='bbox 1297 2066 1390 2130; x_wconf 80' lang='lat' dir='ltr'><strong>relect</strong></span> 
     </span>
     <span class='ocr_line' id='line_1_18' title="bbox 231 2162 1389 2250; baseline 0.006 -26"><span class='ocrx_word' id='word_1_157' title='bbox 231 2162 414 2237; x_wconf 87' lang='lat' dir='ltr'><strong>Herodotus;</strong></span> <span class='ocrx_word' id='word_1_158' title='bbox 457 2181 552 2244; x_wconf 88' lang='lat' dir='ltr'><strong>enque</strong></span> <span class='ocrx_word' id='word_1_159' title='bbox 580 2164 634 2224; x_wconf 84' lang='lat' dir='ltr'><strong>tuit</strong></span> <span class='ocrx_word' id='word_1_160' title='bbox 660 2181 720 2225; x_wconf 88' lang='lat' dir='ltr'><strong>nna</strong></span> <span class='ocrx_word' id='word_1_161' title='bbox 742 2181 804 2234; x_wconf 86' lang='lat' dir='ltr'><strong>res,</strong></span> <span class='ocrx_word' id='word_1_162' title='bbox 833 2181 909 2243; x_wconf 83' lang='lat' dir='ltr'><strong>quae</strong></span> <span class='ocrx_word' id='word_1_163' title='bbox 932 2165 1090 2228; x_wconf 89' lang='lat' dir='ltr'><strong>scribendis</strong></span> <span class='ocrx_word' id='word_1_164' title='bbox 1111 2165 1193 2228; x_wconf 89' lang='lat' dir='ltr'><strong>libris</strong></span> <span class='ocrx_word' id='word_1_165' title='bbox 1216 2171 1389 2250; x_wconf 89' lang='lat' dir='ltr'><strong>opportuni-</strong></span> 
     </span>
     <span class='ocr_line' id='line_1_19' title="bbox 231 2263 1389 2350; baseline 0.009 -27"><span class='ocrx_word' id='word_1_166' title='bbox 231 2271 319 2324; x_wconf 86' lang='lat' dir='ltr'><strong>tatem</strong></span> <span class='ocrx_word' id='word_1_167' title='bbox 339 2265 460 2327; x_wconf 87' lang='lat' dir='ltr'><strong>baberet</strong></span> <span class='ocrx_word' id='word_1_168' title='bbox 476 2263 668 2342; x_wconf 86' lang='lat' dir='ltr'><strong>antiquiorem</strong></span> <span class='ocrx_word' id='word_1_169' title='bbox 691 2263 817 2324; x_wconf 84' lang='lat' dir='ltr'><strong>tortasse</strong></span> <span class='ocrx_word' id='word_1_170' title='bbox 838 2283 959 2346; x_wconf 81' lang='lat' dir='ltr'><strong>papyro.</strong></span> <span class='ocrx_word' id='word_1_171' title='bbox 1002 2267 1075 2330; x_wconf 89' lang='lat' dir='ltr'><strong>Nam</strong></span> <span class='ocrx_word' id='word_1_172' title='bbox 1097 2269 1174 2350; x_wconf 91' lang='lat' dir='ltr'><strong>qnod</strong></span> <span class='ocrx_word' id='word_1_173' title='bbox 1189 2270 1264 2332; x_wconf 87' lang='lat' dir='ltr'><strong>idem</strong></span> <span class='ocrx_word' id='word_1_174' title='bbox 1282 2281 1389 2333; x_wconf 87' lang='lat' dir='ltr'><strong>auctor</strong></span> 
     </span>
     <span class='ocr_line' id='line_1_20' title="bbox 230 2362 1390 2470; baseline 0.007 -43"><span class='ocrx_word' id='word_1_175' title='bbox 230 2364 401 2427; x_wconf 87' lang='lat' dir='ltr'><strong>mentionem</strong></span> <span class='ocrx_word' id='word_1_176' title='bbox 423 2363 493 2426; x_wconf 85' lang='lat' dir='ltr'><strong>iacit</strong></span> <span class='ocrx_word' id='word_1_177' title='bbox 517 2374 678 2428; x_wconf 88' lang='lat' dir='ltr'><strong>ceratarum</strong></span> <span class='ocrx_word' id='word_1_178' title='bbox 698 2363 861 2426; x_wconf 88' lang='lat' dir='ltr'><strong>tabularum</strong></span> <span class='ocrx_word' id='word_1_179' title='bbox 878 2362 937 2448; x_wconf 77' lang='lat'><strong>²⁶),</strong></span> <span class='ocrx_word' id='word_1_180' title='bbox 965 2387 1001 2434; x_wconf 80' lang='lat' dir='ltr'><strong>ex</strong></span> <span class='ocrx_word' id='word_1_181' title='bbox 1024 2370 1067 2432; x_wconf 90' lang='lat' dir='ltr'><strong>bis</strong></span> <span class='ocrx_word' id='word_1_182' title='bbox 1089 2380 1166 2470; x_wconf 80' lang='lat' dir='ltr'><strong>certe</strong></span> <span class='ocrx_word' id='word_1_183' title='bbox 1192 2371 1340 2436; x_wconf 86' lang='lat' dir='ltr'><strong>uolumina</strong></span> <span class='ocrx_word' id='word_1_184' title='bbox 1359 2383 1390 2435; x_wconf 89' lang='lat' dir='ltr'><strong>et</strong></span> 
     </span>
     <span class='ocr_line' id='line_1_21' title="bbox 230 2464 824 2550; baseline 0 -22"><span class='ocrx_word' id='word_1_185' title='bbox 230 2464 299 2528; x_wconf 90' lang='lat' dir='ltr'><strong>libri</strong></span> <span class='ocrx_word' id='word_1_186' title='bbox 321 2464 423 2530; x_wconf 79' lang='lat' dir='ltr'><strong>conici</strong></span> <span class='ocrx_word' id='word_1_187' title='bbox 448 2465 528 2528; x_wconf 91' lang='lat' dir='ltr'><strong>nullo</strong></span> <span class='ocrx_word' id='word_1_188' title='bbox 551 2474 638 2546; x_wconf 89' lang='lat' dir='ltr'><strong>pacto</strong></span> <span class='ocrx_word' id='word_1_189' title='bbox 659 2475 824 2550; x_wconf 83' lang='lat' dir='ltr'><strong>potnerunt.</strong></span> 
     </span>
    </p>
   </div>
   <div class='ocr_carea' id='block_1_3' title="bbox 754 2653 848 2770">
    <p class='ocr_par' dir='ltr' id='par_1_4' title="bbox 754 2653 848 2770">
     <span class='ocr_line' id='line_1_22' title="bbox 754 2653 848 2770; baseline -0.011 -1"><span class='ocrx_word' id='word_1_190' title='bbox 754 2653 848 2770; x_wconf 75' lang='grc' dir='ltr'><strong>ἰιι</strong></span> 
     </span>
    </p>
   </div>
   <div class='ocr_carea' id='block_1_4' title="bbox 180 2853 1387 3164">
    <p class='ocr_par' dir='ltr' id='par_1_5' title="bbox 180 2853 1387 3164">
     <span class='ocr_line' id='line_1_23' title="bbox 180 2853 1387 2964; baseline 0.007 -26"><span class='ocrx_word' id='word_1_191' title='bbox 180 2883 216 2940; x_wconf 81' lang='lat'><strong>62</strong></span> <span class='ocrx_word' id='word_1_192' title='bbox 334 2875 374 2936; x_wconf 82' lang='lat' dir='ltr'><strong>m</strong></span> <span class='ocrx_word' id='word_1_193' title='bbox 395 2853 482 2945; x_wconf 65' lang='lat' dir='ltr'><strong>nero,</strong></span> <span class='ocrx_word' id='word_1_194' title='bbox 512 2874 538 2934; x_wconf 89' lang='lat' dir='ltr'><strong>si</strong></span> <span class='ocrx_word' id='word_1_195' title='bbox 569 2873 619 2936; x_wconf 92' lang='lat' dir='ltr'><strong>din</strong></span> <span class='ocrx_word' id='word_1_196' title='bbox 646 2883 713 2936; x_wconf 89' lang='lat' dir='ltr'><strong>ante</strong></span> <span class='ocrx_word' id='word_1_197' title='bbox 739 2877 866 2940; x_wconf 86' lang='lat' dir='ltr'><strong>chartam</strong></span> <span class='ocrx_word' id='word_1_198' title='bbox 886 2877 1094 2956; x_wconf 78' lang='lat' dir='ltr'><strong>Pergamenum</strong></span> <span class='ocrx_word' id='word_1_199' title='bbox 1116 2881 1221 2944; x_wconf 86' lang='lat' dir='ltr'><strong>radere.</strong></span> <span class='ocrx_word' id='word_1_200' title='bbox 1242 2883 1336 2964; x_wconf 91' lang='lat' dir='ltr'><strong>pelles</strong></span> <span class='ocrx_word' id='word_1_201' title='bbox 1357 2893 1387 2947; x_wconf 88' lang='lat' dir='ltr'><strong>et</strong></span> 
     </span>
     <span class='ocr_line' id='line_1_24' title="bbox 231 2973 1386 3068; baseline 0.01 -34"><span class='ocrx_word' id='word_1_202' title='bbox 231 2973 270 3035; x_wconf 88' lang='lat' dir='ltr'><strong>ad</strong></span> <span class='ocrx_word' id='word_1_203' title='bbox 291 2973 473 3036; x_wconf 86' lang='lat' dir='ltr'><strong>scribendum</strong></span> <span class='ocrx_word' id='word_1_204' title='bbox 497 2982 600 3055; x_wconf 85' lang='lat' dir='ltr'><strong>aptare</strong></span> <span class='ocrx_word' id='word_1_205' title='bbox 630 2979 726 3058; x_wconf 87' lang='lat' dir='ltr'><strong>coepit</strong></span> <span class='ocrx_word' id='word_1_206' title='bbox 750 2978 848 3054; x_wconf 87' lang='lat' dir='ltr'><strong>lania,</strong></span> <span class='ocrx_word' id='word_1_207' title='bbox 874 2981 1008 3064; x_wconf 87' lang='lat' dir='ltr'><strong>idemque</strong></span> <span class='ocrx_word' id='word_1_208' title='bbox 1032 2983 1172 3064; x_wconf 91' lang='lat' dir='ltr'><strong>populus,</strong></span> <span class='ocrx_word' id='word_1_209' title='bbox 1203 2987 1253 3066; x_wconf 93' lang='lat' dir='ltr'><strong>qui</strong></span> <span class='ocrx_word' id='word_1_210' title='bbox 1275 2977 1386 3068; x_wconf 84' lang='lat' dir='ltr'><strong>primu&#39;s</strong></span> 
     </span>
     <span class='ocr_line' id='line_1_25' title="bbox 231 3073 1387 3164; baseline 0.012 -28"><span class='ocrx_word' id='word_1_211' title='bbox 231 3073 369 3136; x_wconf 81' lang='lat' dir='ltr'><strong>Carmina</strong></span> <span class='ocrx_word' id='word_1_212' title='bbox 389 3073 559 3156; x_wconf 79' lang='lat' dir='ltr'><strong>perpolivit,</strong></span> <span class='ocrx_word' id='word_1_213' title='bbox 581 3077 787 3157; x_wconf 88' lang='lat' dir='ltr'><strong>expeditiorem</strong></span> <span class='ocrx_word' id='word_1_214' title='bbox 808 3075 955 3145; x_wconf 86' lang='lat' dir='ltr'><strong>materiam</strong></span> <span class='ocrx_word' id='word_1_215' title='bbox 975 3085 1119 3146; x_wconf 89' lang='lat' dir='ltr'><strong>scribendi</strong></span> <span class='ocrx_word' id='word_1_216' title='bbox 1138 3097 1310 3163; x_wconf 87' lang='lat' dir='ltr'><strong>commentus</strong></span> <span class='ocrx_word' id='word_1_217' title='bbox 1331 3098 1387 3164; x_wconf 88' lang='lat' dir='ltr'><strong>est,</strong></span> 
     </span>
    </p>
   </div>
   <div class='ocr_carea' id='block_1_5' title="bbox 229 3177 1386 3362">
    <p class='ocr_par' dir='ltr' id='par_1_6' title="bbox 229 3177 1386 3362">
     <span class='ocr_line' id='line_1_26' title="bbox 231 3177 1386 3260; baseline 0.01 -20"><span class='ocrx_word' id='word_1_218' title='bbox 231 3177 301 3259; x_wconf 86' lang='lat' dir='ltr'><strong>quid</strong></span> <span class='ocrx_word' id='word_1_219' title='bbox 334 3179 513 3258; x_wconf 86' lang='lat' dir='ltr'><strong>quaerimus,</strong></span> <span class='ocrx_word' id='word_1_220' title='bbox 535 3179 636 3260; x_wconf 80' lang='lat' dir='ltr'><strong>&#39;quale</strong></span> <span class='ocrx_word' id='word_1_221' title='bbox 670 3197 763 3260; x_wconf 83' lang='lat' dir='ltr'><strong>genus</strong></span> <span class='ocrx_word' id='word_1_222' title='bbox 793 3201 889 3246; x_wconf 88' lang='lat' dir='ltr'><strong>rerum</strong></span> <span class='ocrx_word' id='word_1_223' title='bbox 925 3186 1081 3248; x_wconf 82' lang='lat' dir='ltr'><strong>exarandis</strong></span> <span class='ocrx_word' id='word_1_224' title='bbox 1111 3191 1172 3250; x_wconf 86' lang='lat' dir='ltr'><strong>suis</strong></span> <span class='ocrx_word' id='word_1_225' title='bbox 1201 3188 1386 3252; x_wconf 80' lang='lat' dir='ltr'><strong>Carminibus</strong></span> 
     </span>
     <span class='ocr_line' id='line_1_27' title="bbox 229 3280 802 3362; baseline 0.01 -20"><span class='ocrx_word' id='word_1_226' title='bbox 229 3280 378 3362; x_wconf 87' lang='lat' dir='ltr'><strong>usurparit</strong></span> <span class='ocrx_word' id='word_1_227' title='bbox 396 3289 477 3344; x_wconf 84' lang='lat' dir='ltr'><strong>rates</strong></span> <span class='ocrx_word' id='word_1_228' title='bbox 500 3281 637 3348; x_wconf 81' lang='lat' dir='ltr'><strong>Ionicus?</strong></span> <span class='ocrx_word' id='word_1_229' title='bbox 660 3283 802 3350; x_wconf 87' lang='lat' dir='ltr'><strong>Videlicet</strong></span> 
     </span>
    </p>
   </div>
   <div class='ocr_carea' id='block_1_6' title="bbox 267 3567 1385 3824">
    <p class='ocr_par' dir='ltr' id='par_1_7' title="bbox 267 3567 1385 3824">
     <span class='ocr_line' id='line_1_28' title="bbox 269 3567 576 3640; baseline -0.003 -12"><span class='ocrx_word' id='word_1_230' title='bbox 269 3573 318 3638; x_wconf 80' lang='lat' dir='ltr'><strong>aa)</strong></span> <span class='ocrx_word' id='word_1_231' title='bbox 338 3567 391 3634; x_wconf 78' lang='grc'><strong>111,</strong></span> <span class='ocrx_word' id='word_1_232' title='bbox 410 3577 453 3626; x_wconf 85' lang='lat' dir='ltr'><strong>sn</strong></span> <span class='ocrx_word' id='word_1_233' title='bbox 470 3586 498 3640; x_wconf 83' lang='lat' dir='ltr'><strong>p.</strong></span> <span class='ocrx_word' id='word_1_234' title='bbox 516 3579 576 3628; x_wconf 85' lang='lat'><strong>771.</strong></span> 
     </span>
     <span class='ocr_line' id='line_1_29' title="bbox 267 3652 1385 3739; baseline 0.017 -34"><span class='ocrx_word' id='word_1_235' title='bbox 267 3652 663 3725; x_wconf 75' lang='lat' dir='ltr'><strong>24)SlclntelligePliuiil</strong></span> <span class='ocrx_word' id='word_1_236' title='bbox 688 3659 721 3721; x_wconf 86' lang='lat' dir='ltr'><strong>l,</strong></span> <span class='ocrx_word' id='word_1_237' title='bbox 747 3675 800 3728; x_wconf 86' lang='lat' dir='ltr'><strong>qno</strong></span> <span class='ocrx_word' id='word_1_238' title='bbox 820 3664 861 3714; x_wconf 87' lang='lat' dir='ltr'><strong>nsi</strong></span> <span class='ocrx_word' id='word_1_239' title='bbox 882 3671 1015 3720; x_wconf 86' lang='lat' dir='ltr'><strong>snroustn</strong></span> <span class='ocrx_word' id='word_1_240' title='bbox 1036 3665 1232 3731; x_wconf 88' lang='lat' dir='ltr'><strong>bisomrribns,</strong></span> <span class='ocrx_word' id='word_1_241' title='bbox 1260 3669 1385 3739; x_wconf 83' lang='lat' dir='ltr'><strong>qnaede</strong></span> 
     </span>
     <span class='ocr_line' id='line_1_30' title="bbox 331 3739 1384 3824; baseline 0.017 -34"><span class='ocrx_word' id='word_1_242' title='bbox 331 3739 518 3794; x_wconf 84' lang='lat' dir='ltr'><strong>instrumentis</strong></span> <span class='ocrx_word' id='word_1_243' title='bbox 535 3744 641 3810; x_wconf 85' lang='lat' dir='ltr'><strong>priscae</strong></span> <span class='ocrx_word' id='word_1_244' title='bbox 659 3745 810 3810; x_wconf 84' lang='lat' dir='ltr'><strong>scripturae</strong></span> <span class='ocrx_word' id='word_1_245' title='bbox 828 3745 1001 3815; x_wconf 85' lang='lat' dir='ltr'><strong>disputamus.</strong></span> <span class='ocrx_word' id='word_1_246' title='bbox 1040 3750 1168 3824; x_wconf 79' lang='lat' dir='ltr'><strong>Reliquos</strong></span> <span class='ocrx_word' id='word_1_247' title='bbox 1187 3756 1262 3806; x_wconf 89' lang='lat' dir='ltr'><strong>lacos</strong></span> <span class='ocrx_word' id='word_1_248' title='bbox 1280 3753 1332 3806; x_wconf 88' lang='lat' dir='ltr'><strong>lrac</strong></span> <span class='ocrx_word' id='word_1_249' title='bbox 1350 3755 1384 3808; x_wconf 89' lang='lat' dir='ltr'><strong>de</strong></span> 
     </span>
    </p>
   </div>
   <div class='ocr_carea' id='block_1_7' title="bbox 331 3821 1458 3960">
    <p class='ocr_par' dir='ltr' id='par_1_8' title="bbox 331 3821 1458 3960">
     <span class='ocr_line' id='line_1_31' title="bbox 333 3821 1458 3958; baseline 0.017 -84"><span class='ocrx_word' id='word_1_250' title='bbox 333 3837 380 3958; x_wconf 71' lang='lat' dir='ltr'><strong>rei</strong></span> <span class='ocrx_word' id='word_1_251' title='bbox 408 3827 434 3875; x_wconf 89' lang='lat' dir='ltr'><strong>et</strong></span> <span class='ocrx_word' id='word_1_252' title='bbox 451 3821 605 3894; x_wconf 78' lang='lat' dir='ltr'><strong>singulares</strong></span> <span class='ocrx_word' id='word_1_253' title='bbox 624 3825 711 3878; x_wconf 88' lang='lat' dir='ltr'><strong>libros</strong></span> <span class='ocrx_word' id='word_1_254' title='bbox 736 3830 854 3882; x_wconf 84' lang='lat' dir='ltr'><strong>virorum</strong></span> <span class='ocrx_word' id='word_1_255' title='bbox 875 3831 1030 3901; x_wconf 87' lang='lat' dir='ltr'><strong>doctorum,</strong></span> <span class='ocrx_word' id='word_1_256' title='bbox 1060 3842 1143 3892; x_wconf 86' lang='lat' dir='ltr'><strong>testes</strong></span> <span class='ocrx_word' id='word_1_257' title='bbox 1168 3842 1286 3892; x_wconf 86' lang='lat' dir='ltr'><strong>excitare</strong></span> <span class='ocrx_word' id='word_1_258' title='bbox 1313 3825 1384 3892; x_wconf 86' lang='lat' dir='ltr'><strong>nibil</strong></span> <span class='ocrx_word' id='word_1_259' title='bbox 1457 3837 1458 3868; x_wconf 71' lang='lat'>;</span> 
     </span>
     <span class='ocr_line' id='line_1_32' title="bbox 331 3905 1458 3960; baseline 0.017 -1"><span class='ocrx_word' id='word_1_260' title='bbox 331 3909 436 3960; x_wconf 75' lang='lat' dir='ltr'><strong>aornar.</strong></span> <span class='ocrx_word' id='word_1_261' title='bbox 1457 3905 1458 3924; x_wconf 63' lang='lat'>¹</span> 
     </span>
    </p>
   </div>
   <div class='ocr_carea' id='block_1_8' title="bbox 265 3991 1384 4410">
    <p class='ocr_par' dir='ltr' id='par_1_9' title="bbox 268 3991 1382 4142">
     <span class='ocr_line' id='line_1_33' title="bbox 268 3991 1382 4142; baseline 0.015 -99"><span class='ocrx_word' id='word_1_262' title='bbox 268 3991 407 4142; x_wconf 69' lang='lat' dir='ltr'><strong>25)1Vide</strong></span> <span class='ocrx_word' id='word_1_263' title='bbox 426 4005 492 4060; x_wconf 90' lang='lat' dir='ltr'><strong>prae</strong></span> <span class='ocrx_word' id='word_1_264' title='bbox 516 3996 614 4048; x_wconf 84' lang='lat' dir='ltr'><strong>ceteris</strong></span> <span class='ocrx_word' id='word_1_265' title='bbox 641 3992 796 4050; x_wconf 85' lang='lat' dir='ltr'><strong>Etobbornli</strong></span> <span class='ocrx_word' id='word_1_266' title='bbox 822 3995 922 4054; x_wconf 90' lang='lat' dir='ltr'><strong>lrrtrod.</strong></span> <span class='ocrx_word' id='word_1_267' title='bbox 951 4005 1034 4061; x_wconf 75' lang='lat' dir='ltr'><strong>inv</strong></span> <span class='ocrx_word' id='word_1_268' title='bbox 1061 4003 1136 4060; x_wconf 85' lang='lat' dir='ltr'><strong>Test</strong></span> <span class='ocrx_word' id='word_1_269' title='bbox 1163 4003 1197 4060; x_wconf 84' lang='grc' dir='ltr'><strong>Τ.</strong></span> <span class='ocrx_word' id='word_1_270' title='bbox 1221 4002 1241 4060; x_wconf 88' lang='lat'><strong>1.</strong></span> <span class='ocrx_word' id='word_1_271' title='bbox 1267 4021 1294 4074; x_wconf 91' lang='lat' dir='ltr'><strong>p.</strong></span> <span class='ocrx_word' id='word_1_272' title='bbox 1322 4009 1382 4064; x_wconf 86' lang='grc'><strong>136.</strong></span> 
     </span>
    </p>

    <p class='ocr_par' dir='ltr' id='par_1_10' title="bbox 265 4074 1384 4410">
     <span class='ocr_line' id='line_1_34' title="bbox 265 4074 1384 4240; baseline 0.018 -29"><span class='ocrx_word' id='word_1_273' title='bbox 265 4158 314 4227; x_wconf 81' lang='grc'><strong>26)</strong></span> <span class='ocrx_word' id='word_1_274' title='bbox 290 4074 407 4216; x_wconf 58' lang='lat' dir='ltr'><strong>llllp</strong></span> <span class='ocrx_word' id='word_1_275' title='bbox 415 4081 519 4212; x_wconf 47' lang='lat' dir='ltr'><strong>offali</strong></span> <span class='ocrx_word' id='word_1_276' title='bbox 512 4162 539 4213; x_wconf 91' lang='lat' dir='ltr'><strong>in</strong></span> <span class='ocrx_word' id='word_1_277' title='bbox 560 4157 674 4215; x_wconf 89' lang='lat' dir='ltr'><strong>bistoria</strong></span> <span class='ocrx_word' id='word_1_278' title='bbox 702 4160 855 4228; x_wconf 77' lang='lat' dir='ltr'><strong>Demarati,</strong></span> <span class='ocrx_word' id='word_1_279' title='bbox 882 4170 955 4236; x_wconf 77' lang='lat' dir='ltr'><strong>regis</strong></span> <span class='ocrx_word' id='word_1_280' title='bbox 980 4171 1183 4240; x_wconf 84' lang='lat' dir='ltr'><strong>Spartanorum.</strong></span> <span class='ocrx_word' id='word_1_281' title='bbox 1232 4171 1285 4227; x_wconf 88' lang='lat' dir='ltr'><strong>Sed</strong></span> <span class='ocrx_word' id='word_1_282' title='bbox 1311 4173 1384 4231; x_wconf 82' lang='lat' dir='ltr'><strong>tllnrl</strong></span> 
     </span>
     <span class='ocr_line' id='line_1_35' title="bbox 327 4241 1384 4325; baseline 0.023 -31"><span class='ocrx_word' id='word_1_283' title='bbox 327 4241 441 4300; x_wconf 74' lang='lat' dir='ltr'><strong>lbinon</strong></span> <span class='ocrx_word' id='word_1_284' title='bbox 458 4243 537 4296; x_wconf 83' lang='lat' dir='ltr'><strong>altert</strong></span> <span class='ocrx_word' id='word_1_285' title='bbox 553 4252 583 4298; x_wconf 88' lang='lat' dir='ltr'><strong>nt</strong></span> <span class='ocrx_word' id='word_1_286' title='bbox 601 4261 705 4300; x_wconf 82' lang='lat' dir='ltr'><strong>novum</strong></span> <span class='ocrx_word' id='word_1_287' title='bbox 748 4245 842 4302; x_wconf 85' lang='lat' dir='ltr'><strong>Geram</strong></span> <span class='ocrx_word' id='word_1_288' title='bbox 860 4257 947 4305; x_wconf 86' lang='lat' dir='ltr'><strong>antem</strong></span> <span class='ocrx_word' id='word_1_289' title='bbox 968 4257 994 4308; x_wconf 89' lang='lat' dir='ltr'><strong>tn</strong></span> <span class='ocrx_word' id='word_1_290' title='bbox 1013 4255 1130 4325; x_wconf 84' lang='lat' dir='ltr'><strong>pellibus</strong></span> <span class='ocrx_word' id='word_1_291' title='bbox 1148 4255 1298 4312; x_wconf 83' lang='lat' dir='ltr'><strong>adhibitam</strong></span> <span class='ocrx_word' id='word_1_292' title='bbox 1317 4273 1384 4318; x_wconf 83' lang='lat' dir='ltr'><strong>esse</strong></span> 
     </span>
     <span class='ocr_line' id='line_1_36' title="bbox 323 4311 1318 4410; baseline 0.024 -36.048"><span class='ocrx_word' id='word_1_293' title='bbox 323 4311 344 4374; x_wconf 88' lang='grc'><strong>6</strong></span> <span class='ocrx_word' id='word_1_294' title='bbox 364 4323 484 4392; x_wconf 79' lang='lat' dir='ltr'><strong>Cypriis,</strong></span> <span class='ocrx_word' id='word_1_295' title='bbox 502 4328 644 4395; x_wconf 74' lang='lat' dir='ltr'><strong>ingeniose</strong></span> <span class='ocrx_word' id='word_1_296' title='bbox 660 4333 776 4385; x_wconf 87' lang='lat' dir='ltr'><strong>coniecit</strong></span> <span class='ocrx_word' id='word_1_297' title='bbox 795 4331 942 4390; x_wconf 87' lang='lat' dir='ltr'><strong>llenrsterb.</strong></span> <span class='ocrx_word' id='word_1_298' title='bbox 963 4337 997 4392; x_wconf 88' lang='lat' dir='ltr'><strong>ad</strong></span> <span class='ocrx_word' id='word_1_299' title='bbox 1017 4333 1119 4396; x_wconf 82' lang='lat' dir='ltr'><strong>Pollae.</strong></span> <span class='ocrx_word' id='word_1_300' title='bbox 1140 4339 1174 4396; x_wconf 87' lang='grc' dir='ltr'><strong>Χ.</strong></span> <span class='ocrx_word' id='word_1_301' title='bbox 1191 4355 1216 4410; x_wconf 84' lang='lat' dir='ltr'><strong>p</strong></span> <span class='ocrx_word' id='word_1_302' title='bbox 1240 4345 1318 4399; x_wconf 66' lang='grc'><strong>1111</strong></span> 
     </span>
    </p>
   </div>
   <div class='ocr_carea' id='block_1_9' title="bbox 0 0 1476 4900">
    <p class='ocr_par' dir='ltr' id='par_1_11' title="bbox 0 0 1476 4900">
     <span class='ocr_line' id='line_1_37' title="bbox 0 0 1476 4900; baseline 0 1"><span class='ocrx_word' id='word_1_303' title='bbox 0 0 1476 4900; x_wconf 95' lang='lat' dir='ltr'><strong> </strong></span> 
     </span>
    </p>
   </div>
  </div>
 </body>
</html>
