2944 4900
149 345 153 352 ’
202 335 247 406 42
573 325 964 410 ,ΡΙῑΟΙιΕΕθΜΕΜ

202 524 353 588 irlandia·
388 539 472 584 snam
508 521 593 584 obliti
626 515 729 602 papali
762 514 956 585 testimoninm
986 511 1099 574 minime
1132 511 1364 579 desiderandum

201 628 345 694 ridentur.
677 667 684 680 ·

304 729 350 792 lle
373 724 488 789 cnlnra
510 739 619 804 prosae
639 721 796 794 orationis,
827 719 945 780 ineunte
972 717 1092 780 amento
1119 725 1187 782 ante
1215 718 1283 782 Gir.
1307 719 1362 783 vt.

203 851 224 896 a
243 832 377 915 pluribus
399 835 429 904 et
449 828 515 908 ipso
536 823 649 886 Solone
666 825 819 896 inchoata,
841 822 935 902 deque
948 819 1047 883 causis
1067 823 1137 884 novi
1154 823 1262 904 incepti
1283 823 1363 884 nihil

154 938 187 993 tl
206 937 253 998 lic
271 935 366 996 babeo
385 931 497 992 dicere:
534 935 563 990 et
581 944 659 1007 qnae
678 945 716 988 ex
739 933 867 992 ictuum
887 923 961 986 locis
983 924 1095 985 laudri
1113 933 1251 1004 possunt,
1278 923 1363 987 dicta

201 1047 270 1099 aunt
297 1035 410 1098 omnia:
453 1039 484 1094 at
510 1049 597 1092 unam
621 1046 697 1102 ram,
725 1029 781 1089 etsi
805 1028 837 1088 in
861 1025 1030 1088 coniectans
1057 1027 1198 1106 positum,
1226 1025 1360 1100 atteram,

202 1141 259 1203 nisi
279 1139 377 1202 omnia
396 1153 442 1202 mc
461 1133 585 1212 indunt,
614 1131 795 1194 utilissimam
819 1129 887 1190 luia
912 1130 1077 1210 waradoni
1105 1138 1232 1192 nostrae
1281 1129 1361 1191 Nam

202 1244 317 1306 ridetur
335 1242 424 1325 plane
443 1255 564 1300 ueoesse
585 1253 667 1308 esne,
686 1242 720 1296 dt
741 1242 816 1305 mm,
838 1250 927 1312 quum
940 1233 1044 1294 Graeci
1067 1233 1201 1314 impetum
1218 1217 1374 1314 caperent⁸
1463 1243 1464 1258 ¹

202 1345 320 1408 unedo
339 1343 460 1406 metrica
485 1338 645 1402 recedendi
667 1347 698 1400 et
722 1353 842 1419 prosam
862 1335 1019 1414 condendi,
1043 1336 1115 1396 sads
1141 1336 1198 1398 iam
1220 1335 1361 1416 expedita

203 1450 291 1512 loecit
318 1445 473 1528 scriptoria
499 1461 549 1505 ars
577 1448 747 1523 suppetente
776 1438 862 1520 copia
887 1440 1152 1512 instrumentorum,
1181 1439 1285 1519 quibus
1317 1438 1359 1500 ad

203 1571 268 1614 eam
288 1557 437 1611 uterentur
457 1548 520 1609 sine
539 1544 681 1607 molestia.
728 1543 794 1605 Non
820 1541 900 1623 quod
923 1541 956 1602 in
986 1541 1045 1602 ista
1070 1542 1155 1622 copia
1180 1541 1269 1602 ullum
1296 1543 1358 1603 vim

203 1655 294 1716 inisse
314 1659 427 1734 putem,
453 1657 487 1710 ut
513 1665 618 1710 norum
646 1664 740 1726 mnus
762 1645 892 1725 cogitata
913 1643 1070 1724 eloquendi
1089 1635 1275 1715 nasccrcun3
1312 1645 1359 1704 nti

204 1758 282 1820 docti
302 1755 434 1836 quidam,
456 1769 543 1832 quum
563 1750 706 1832 poeticam
724 1757 782 1809 tam
795 1755 907 1808 mature
926 1756 1023 1808 natam
1042 1747 1229 1820 mbmentur,
1249 1762 1362 1825 neque,

204 1878 257 1921 cnr
277 1860 320 1920 ita
338 1857 446 1918 lactum
468 1862 559 1928 esset,
586 1852 735 1924 uiderent,
765 1867 883 1911 cansam
908 1853 971 1912 eins
996 1851 1041 1912 rei
1067 1851 1253 1933 praecipuam
1279 1847 1358 1912 banc

203 1960 374 2035 attrderunt,
403 1958 482 2039 qnod
510 1957 592 2018 rudis
621 1953 748 2038 populus
777 1961 863 2015 conte
888 1953 1081 2034 praeviderit,
1109 1953 1240 2016 eximium
1268 1971 1359 2035 prae-

203 2063 307 2126 sidium
333 2062 488 2124 memoriae
518 2061 584 2123 iore
610 2061 641 2122 in
669 2073 824 2119 numerosa
845 2055 1043 2118 moderatione
1069 2073 1221 2118 rmsnnm:
1254 2071 1358 2120 cerrum

203 2175 298 2228 nmen
319 2183 377 2228 non
397 2163 545 2243 intelligo,
566 2181 627 2244 qna
647 2161 762 2224 tandem
783 2160 899 2221 untione
919 2159 1053 2239 cuiquam
1070 2161 1100 2220 in
1119 2168 1239 2222 mentem
1255 2159 1359 2223 uenir'e

202 2269 331 2350 potuerit
351 2265 462 2346 aliquid
482 2262 653 2347 prosarium-
673 2279 861 2346 componere,
891 2263 948 2324 uisi
974 2263 1061 2324 aliam
1086 2263 1244 2326 custodiam
1279 2281 1359 2326 com-

203 2371 292 2452 positi
312 2370 343 2431 in
362 2375 497 2450 promptu
519 2368 640 2430 baberet
664 2384 750 2447 qnam
778 2365 943 2430 memoriam
964 2386 1059 2428 cuam
1111 2363 1251 2428 Obruitur
1280 2367 1376 2445 eninr·

203 2473 357 2548 munda,
383 2471 554 2550 animusque
578 2476 705 2548 uagatur
731 2477 759 2530 et
784 2477 864 2531 errat
889 2472 920 2534 in
942 2473 998 2533 bac
1023 2471 1119 2532 libera
1140 2468 1359 2531 continuatione

202 2577 372 2650 corbeton,
405 2590 482 2654 qnae
509 2571 604 2634 ntdlia·
627 2572 714 2634 certis
742 2571 868 2632 numeris
897 2573 1038 2637 adstricta
1063 2582 1122 2649 est,
1155 2571 1243 2633 nullia
1276 2570 1358 2634 velut

203 2680 306 2762 spatiis
326 2679 475 2752 distincta,
504 2677 608 2759 quibus
632 2677 733 2766 oratio·
750 2677 850 2738 orbem
869 2695 950 2738 sunm
970 2676 1111 2740 conficiat.
1154 2677 1245 2756 Atqui
1268 2693 1358 2756 quum

202 2783 357 2848 llomerioa
375 2781 462 2844 dictio
484 2781 575 2862 longe
595 2781 744 2861 longeque
763 2779 886 2868 reducta
912 2769 950 2840 ait
972 2779 1010 2840 ab
1038 2796 1075 2840 eo
1096 2795 1186 2854 sonu,
1218 2797 1303 2860 quem
1324 2780 1357 2840 in

202 2883 327 2947 infantia
356 2885 485 2962 andum
513 2886 620 2947 horror
651 2894 801 2964 troporum
838 2889 868 2943 et
892 2882 1050 2961 imaginum
1076 2879 1172 2957 indat,
1206 2890 1295 2963 atque
1324 2885 1357 2945 in

202 2985 301 3047 verbis
322 2992 351 3044 et
371 2983 565 3047 locutionibus
587 2988 735 3065 castigata
757 2985 925 3057 admodum,
954 2982 1103 3063 aequabili
1130 2986 1356 3067 uerecundoque

190 3089 305 3148 'tenore
326 3103 380 3148 sno
392 3087 481 3166 quasi
494 3089 683 3168 praenunciet
696 3087 859 3169 pedestrem
874 3087 1026 3150 dictionem
1038 3085 1169 3166 proxime
1182 3097 1357 3165 secuturam,

152 3199 187 3256 72
205 3205 291 3271 quum
312 3195 407 3250 tamen
429 3190 552 3273 amplius
571 3192 629 3256 tria
647 3191 766 3253 sacoma
786 3211 806 3254 a
826 3190 938 3254 nemine
951 3196 1089 3251 teanum
1108 3191 1285 3271 reperimus:
1312 3194 1358 3256 ita

201 3311 267 3380 mea
294 3291 352 3356 lert
379 3293 494 3375 opinio,
528 3303 561 3356 nt
587 3305 648 3358 non
675 3295 782 3356 onltmu
808 3294 1007 3375 ingeniorum,
1042 3291 1095 3352 aed
1123 3293 1185 3355 alia
1212 3295 1359 3375 quaedam

153 3473 156 3478 Ι
203 3397 384 3477 matureque
418 3396 613 3460 difficultatem
643 3398 789 3460 scribendi
818 3399 944 3460 arbitrer
976 3395 1008 3456 in
1032 3412 1117 3457 mora
1150 3395 1259 3471 luisse,
1295 3417 1358 3479 quo

199 3500 294 3560 minus
316 3499 470 3578 poeticam-
485 3517 577 3579 prosa
602 3499 770 3578 eloquentia
796 3508 855 3561 tam
882 3501 985 3577 celeri,
1014 3517 1101 3581 quam
1121 3505 1228 3561 namra
1254 3498 1358 3580 ferret,

200 3599 298 3682 gradu
319 3607 498 3680 seqneoetur.

303 3701 397 3780 Quam
416 3703 528 3764 obrem
544 3704 716 3786 scripbnam
734 3711 847 3766 tencre
865 3713 894 3768 et
909 3703 1048 3768 commoni
1066 3704 1133 3767 urani
1148 3713 1251 3788 aptare
1266 3705 1359 3788 plane

201 3804 277 3870 idem
297 3804 411 3869 ridetur
432 3802 538 3879 inisse,
567 3815 655 3888 atque
682 3825 801 3889 prosam
828 3816 943 3870 tentare
973 3817 1002 3870 et
1021 3809 1054 3871 in
1082 3827 1121 3872 ca
1139 3809 1303 3897 excolenda
1324 3828 1359 3873 se

201 3927 319 3992 ponera
361 3908 463 3987 Neque
485 3907 559 3970 enim
579 3916 638 3971 tum
657 3910 779 3990 primum
796 3913 994 3973 nascebamur
1022 3910 1136 3974 cultura
1163 3911 1249 3974 modo
1272 3911 1359 3974 deln-

201 4018 266 4072 erat
295 4019 324 4074 et
350 4010 541 4074 conformatio
570 4013 729 4092 quaedam,
763 4014 793 4074 in
819 4012 917 4093 liguo,
954 4015 1094 4092 metallis,
1122 4015 1268 4097 lapidibus
1296 4034 1358 4079 non

202 4113 302 4175 melius
324 4112 485 4195 procedens
510 4115 646 4196 quanin
668 4116 803 4177 familiari
824 4134 972 4198 sermone,
999 4118 1030 4178 in
1058 4116 1203 4198 epistolis,
1230 4119 1261 4180 in
1284 4137 1358 4181 oon-

201 4215 344 4280 ciourbns.
399 4217 445 4281 Ex
474 4234 532 4298 qno
560 4213 645 4290 illud,
664 4237 780 4301 qnoque
810 4221 877 4282 mihi
905 4218 1007 4282 videor
1033 4220 1157 4302 pnlcdpe
1178 4222 1358 4306 perspicere,

201 4339 254 4383 cnr
273 4339 355 4384 nemo
377 4329 504 4385 ceterum
524 4339 576 4384 eoa
598 4323 629 4384 in
651 4321 840 4404 scriptoribus
861 4341 969 4406 pronae
989 4333 1135 4402 numeret,
1157 4325 1208 4406 qui
1229 4324 1359 4389 nondum
