2944 4900
200 317 241 392 12
583 319 952 388 raonstonttirts.

198 513 255 576 nisi
275 513 343 576 mibi
363 515 439 576 ratio
459 513 522 576 eius
544 513 641 595 operis
663 509 815 574 reddenda
836 517 927 580 esset,
949 509 979 570 iu
1003 524 1061 589 quo
1082 508 1186 572 alienis
1200 511 1362 574 laboribus

199 614 258 678 irai
285 633 344 678 nou
367 615 477 680 liceret.
526 615 554 678 Α
579 613 735 678 iactatione
762 611 924 674 industriae
954 619 1063 674 tantum
1091 614 1208 689 absum,
1236 623 1269 676 at
1292 633 1362 678 uon

199 727 257 780 tau
277 717 358 781 lardi
374 719 442 782 mibi
462 719 527 781 dari
547 718 676 800 cupiam,
699 717 724 778 si
738 715 933 778 necessariam
951 733 1069 796 operam
1084 733 1143 778 non
1160 716 1362 790 detractoriae,

200 839 287 902 qnam
307 821 393 896 uitio,
421 822 447 882 si
467 819 515 882 rel
535 821 628 882 minus
648 827 728 881 recte
756 819 787 879 in
813 835 850 879 ea
869 819 922 880 sirn
939 827 1090 896 uersatus,
1116 817 1166 882 uel
1194 816 1362 899 quidquam

200 930 298 985 cartae
319 920 510 986 emendationi
531 921 713 1005 profuturum
735 919 888 983 omiserim.

741 1087 805 1222 ut
882 1113 884 1116 ’

233 1347 239 1354 ·
303 1329 416 1396 Etenim
438 1328 512 1395 illud
531 1325 599 1392 mibi
619 1347 706 1392 unum
726 1330 907 1412 propositum
927 1327 982 1390 fuit
1002 1328 1173 1411 praecipue,
1193 1339 1225 1392 ut
1244 1337 1358 1392 textum

199 1433 317 1500 Homeri
344 1433 383 1498 ad
413 1450 541 1498 normam
567 1431 699 1498 eruditae
727 1433 905 1514 antiquitatis
938 1429 1134 1507 emendam,
1169 1440 1258 1513 atque
1289 1451 1358 1494 eam

198 1537 311 1614 ranna,
341 1534 587 1616 interpunctione,
616 1536 800 1611 accentibus,
829 1548 922 1617 prope
941 1533 1029 1596 talem
1049 1533 1229 1606 exhiberent,
1256 1536 1356 1616 quatis

199 1657 237 1704 ex
258 1637 475 1704 recessionibus
495 1635 563 1697 olim
582 1637 793 1715 probatissimis
806 1637 942 1724 ‚rabaam
970 1637 996 1698 si
1028 1645 1137 1698 tantum
1166 1655 1286 1718 sperare
1306 1637 1356 1700 tas

199 1750 259 1817 est,
286 1741 423 1820 Longino
445 1737 533 1800 alicui
554 1754 606 1800 seu
632 1737 684 1803 aiii
707 1739 798 1803 reteri
822 1738 947 1814 Critioo,
979 1740 1029 1820 qui
1058 1741 1150 1820 copiis
1176 1739 1356 1802 Mmandri·

198 1860 300 1906 norum
324 1843 417 1924 parite
437 1840 644 1921 moderateque
670 1843 712 1904 uti
738 1842 840 1915 sciret,
870 1842 941 1904 satis
966 1841 1126 1924 placiturus
1150 1843 1241 1905 inisse
1271 1843 1356 1906 ride-

198 1953 288 2007 retur.
336 1943 400 2007 Hoc
429 1943 500 2024 quid
527 1942 571 2004 rei
601 1944 638 2005 sit
666 1953 755 2025 atquc
776 1943 912 2019 consilii,
941 1949 969 2004 et
997 1961 1072 2023 quas
1098 1944 1127 2004 in
1157 1963 1194 2006 eo
1221 1943 1353 2008 rationes

197 2055 314 2111 secutus
336 2046 405 2122 sim,
437 2045 639 2110 Commentarii
658 2045 780 2110 materia
804 2054 863 2120 est,
892 2060 951 2107 non
973 2043 1177 2108 Praefationis.
1224 2045 1296 2108 Nam
1325 2046 1353 2108 ei

197 2169 256 2215 non
278 2149 372 2214 solum
389 2148 571 2213 indoctorum
591 2149 749 2213 calumnias
772 2163 921 2222 amouere,
944 2147 995 2210 sed
1016 2148 1096 2229 ipsas
1111 2165 1216 2209 caumas
1230 2149 1353 2210 instituti

146 2267 182 2324 22
199 2255 238 2319 ad
264 2254 404 2335 liquidum
429 2250 589 2333 perducere
618 2251 718 2325 uelim,
752 2249 857 2324 muita,
892 2267 969 2330 quae
995 2247 1166 2329 vulgaribus
1201 2251 1352 2314 errorrbus
1463 2291 1464 2338 q

199 2355 399 2440 implicantur,
433 2351 472 2416 ad
500 2370 599 2416 rerum
626 2353 793 2415 revocanda
816 2352 886 2426 sint3
927 2352 1001 2426 alia,
1034 2369 1113 2434 quae
1141 2359 1184 2414 tot
1210 2353 1353 2417 librorum

197 2459 329 2521 interitus
357 2458 512 2530 obscurat,
546 2454 605 2518 aite
638 2455 768 2539 repetitis
794 2455 940 2517 historicis
969 2457 1141 2518 coniecturis
1166 2456 1352 2534 illustranda,

197 2563 350 2643 omniaque
363 2556 558 2624 confirmanda
571 2559 724 2640 exemplis,
748 2559 787 2622 ad
800 2575 974 2639 communem
988 2557 1206 2638 intelligentiam
1219 2560 1352 2626 delectis.
1462 2575 1463 2592 ¹

196 2663 234 2726 Ut
260 2681 331 2726 uero
361 2661 468 2724 olarios
503 2668 659 2741 appareat,
699 2663 803 2743 quibus
833 2662 1010 2744 potissimam
1038 2663 1199 2744 praeceptis
1224 2670 1352 2742 regatur

195 2767 349 2832 Homerica
370 2763 547 2836 emendatio,
578 2765 702 2828 maximo
722 2764 819 2828 studio
846 2766 877 2826 iu
899 2763 1035 2828 tralaticii
1056 2773 1151 2828 textus
1176 2765 1351 2828 mutationes
1461 2839 1462 2852 ἶ

195 2870 303 2948 inquiri
325 2877 455 2948 oportet,
475 2866 660 2929 recensendis
683 2855 810 2930 fontibus
833 2875 861 2930 et
883 2863 986 2930 rivulis
1007 2886 1121 2944 aarum,
1140 2867 1190 2948 qui
1210 2851 1258 2930 uel
1280 2867 1350 2930 oiim

195 2977 401 3041 manaverunt,
427 2968 476 3031 rel
498 2968 582 3030 etiam
605 2969 692 3031 bodie
713 2977 822 3051 patent
870 2968 901 3030 ln
929 2971 984 3032 bac
1006 2970 1118 3032 infinita
1146 2972 1232 3052 copia
1251 2989 1350 3034 rerum

194 3088 271 3135 nuno
300 3087 335 3134 eo
363 3077 696 3151 contemporaneum,
724 3078 756 3131 at
785 3072 959 3148 grauissima
982 3091 1116 3154 quaeque
1144 3082 1172 3136 et
1197 3075 1349 3138 miliarina

194 3173 296 3258 paucis
320 3189 482 3254 exsequar,
511 3191 566 3235 neo
579 3201 582 3210 ,
596 3173 706 3254 ipsum,
738 3191 822 3253 quem
848 3175 1000 3254 ingressus
1027 3191 1103 3252 sam,
1134 3193 1267 3252 camum,
1294 3177 1348 3238 sed

195 3284 340 3340 extremos
367 3281 477 3338 tantum
504 3275 576 3339 dues
608 3277 670 3338 eius
698 3285 727 3339 et
754 3295 890 3358 summam
916 3297 1088 3361 proponam.
1138 3279 1233 3358 igitur
1260 3297 1348 3360 quum

192 3378 332 3458 rutgaae
363 3379 525 3462 scripturae
553 3379 744 3442 conditionem
774 3387 802 3442 et
829 3381 891 3442 aius
919 3380 1123 3443 reformandae
1148 3381 1348 3444 necessitatem

193 3479 337 3557 attigero,
366 3479 473 3558 primas
497 3479 591 3541 lineas
620 3481 696 3544 dabo
722 3481 946 3561 disquisitionis,
972 3503 1031 3566 qua
1057 3503 1111 3567 per
1137 3504 1196 3545 aaa
1224 3493 1346 3546 aetates

191 3580 316 3662 disparis
345 3579 493 3641 intervalli
522 3589 550 3642 et
577 3582 688 3661 ingenii
713 3584 835 3646 interior
861 3587 984 3650 bistoria
1007 3589 1108 3651 critica
1140 3591 1242 3652 borum
1271 3589 1346 3652 Gar

190 3685 294 3745 nurum
324 3681 362 3743 ad
393 3689 523 3744 nostrum
554 3701 660 3765 usque·
675 3694 786 3768 tempus
815 3687 985 3754 deducatur.
1041 3691 1182 3753 Primam
1208 3701 1345 3756 aetatem

189 3785 323 3868 ponimus
345 3785 383 3846 ab
404 3783 527 3864 origine
546 3786 700 3869 psoram,
725 3791 754 3852 ln.
778 3809 803 3854 e.
825 3799 954 3875 tempore
969 3792 1101 3858 cultioris
1121 3797 1219 3880 poesis
1233 3797 1343 3874 Ionum,

189 3887 320 3963 (circiter
340 3893 408 3948 ante
435 3882 504 3945 Gir.
533 3887 619 3964 950.)
651 3892 690 3954 ad
713 3893 929 3976 Pisistratum,
955 3907 1105 3978 tyrannum
1130 3899 1344 3981 Atheniensem,

189 3989 237 4050 oui
264 3987 450 4051 aueteribus
481 3987 601 4053 duorum
631 4008 801 4076 carpenum,
829 4017 905 4079 qnae
931 4019 1006 4064 nunc
1038 4004 1163 4080 obtinet,
1190 4003 1343 4087 dispositio

188 4089 341 4166 tribadum
376 4089 415 4152 il.
444 4093 653 4156 aPt'as‘atrcto
681 4097 719 4158 ad
742 4097 952 4181 Zenodotam,
981 4104 1030 4182 qni
1051 4107 1160 4185 primus
1183 4125 1221 4170 ex
1240 4107 1343 4170 Gram-

189 4193 299 4256 maticis
318 4193 436 4256 criticae
456 4193 627 4259 Homericae
650 4201 839 4264 celebriorem
858 4203 933 4266 uiam
959 4207 1090 4287 apennit3
1125 4210 1174 4272 111.
1197 4230 1216 4272 a
1238 4207 1342 4272 Zeno-

188 4296 260 4356 doto
278 4296 316 4359 ad
339 4295 514 4378 Apionam,
542 4309 662 4383 propter
682 4312 772 4368 artem
793 4307 999 4390 interpretandi
1021 4320 1141 4394 pottee,
1173 4321 1205 4375 ut
1219 4311 1342 4390 ,Seneca
