2944 4900
222 254 262 320 16
603 249 981 320 ,PROLEGOMENA.

221 453 280 508 tum
299 445 328 506 in
350 438 497 516 clausula,
526 459 602 522 quae
631 439 741 504 scilicet
773 456 830 500 uou
854 436 937 500 simul
966 435 1042 498 trabi
1063 443 1179 518 poterut
1207 455 1246 499 ex
1273 436 1310 502 ll.
1342 457 1376 500 α.

223 549 296 610 562.
341 547 401 609 llos
422 545 511 626 igitur
531 552 559 606 et
581 542 693 626 aliquot
713 541 788 604 alios
800 557 921 614 uersus,
943 540 997 601 etsi
1010 539 1266 621 minimeineptos,
1288 557 1377 601 nemo

214 649 353 736 prolecto
384 666 443 710 non
472 646 607 710 reiicrdos
635 651 730 727 putet,
760 643 785 706 si
813 661 864 706 eos
895 658 987 723 nuper
1015 639 1242 704 Rhodomannus
1270 640 1378 702 iecerit

222 760 273 814 aut
293 752 467 824 limenius,
496 750 573 828 (nam
602 748 648 808 bic
667 747 811 814 interdum
832 743 943 827 aliqrdd
962 740 1048 804 client
1068 732 1215 820 οἴκοθεν,
1245 750 1278 804 ut
1301 743 1377 818 ait:)

223 860 254 915 at
281 872 299 914 n
325 853 444 934 sepultis
470 849 595 930 ingeniis
625 845 731 912 abhinc
755 847 842 930 plura
870 844 989 910 saecule
1015 845 1162 926 proiectos
1189 860 1249 905 uon
1274 843 1377 906 licebit

222 953 367 1018 reiicerei
402 953 521 1016 Discere
542 949 642 1026 uelim,
662 967 721 1030 quo
742 949 804 1011 iure
824 948 907 1010 nobis
932 945 1020 1010 ceteri
1040 945 1182 1009 retinendi
1204 946 1271 1009 siut.

695 1219 699 1226 ·
769 1185 821 1264 ΙΧ.

171 1395 207 1451 28
327 1391 417 1454 Aliud
452 1407 545 1470 genus
583 1398 627 1452 est
660 1387 846 1468 vulgatorum
874 1387 1028 1451 lectionum
1060 1386 1149 1451 multo
1184 1385 1376 1467 frequentius,

223 1492 302 1575 qnod
315 1491 455 1554 librorum
473 1492 586 1573 quidem
601 1498 629 1553 et
646 1492 847 1554 incensionum
861 1498 989 1554 retentum
1003 1507 1125 1552 assensu
1141 1489 1253 1560 minime
1264 1495 1376 1559 eareat,

223 1613 277 1659 aec
305 1601 400 1656 mmuh
429 1592 477 1656 uel
506 1601 628 1675 propter
656 1611 738 1655 usum
765 1595 850 1656 huius
879 1601 999 1675 poetae,
1034 1593 1083 1656 cel
1109 1599 1231 1675 propter
1256 1591 1377 1653 coufor-

222 1697 375 1763 naticnem
397 1703 426 1758 et
444 1703 573 1756 tenorem
591 1697 766 1774 sententiae,
794 1695 841 1758 rel
872 1694 959 1757 aliam
991 1695 1092 1758 talem.
1105 1711 1223 1758 causam
1242 1709 1300 1756 non
1322 1709 1377 1754 ex-

222 1798 385 1884 pellendum
415 1805 444 1858 et
472 1795 511 1858 ad
531 1796 665 1860 meliores
693 1798 784 1860 libros
805 1797 999 1861 revocandum
1025 1797 1167 1860 rideatur.
1214 1796 1321 1858 Verum
1344 1795 1377 1856 iu

222 1903 280 1965 boc
299 1917 424 1980 genere,
444 1898 519 1960 sicut
532 1899 618 1962 etiam
635 1900 667 1962 iu
685 1889 865 1981 prioreillo',
887 1898 1004 1963 dubium
1017 1899 1086 1962 lacit
1098 1896 1241 1960 interdum
1250 1897 1377 1979 penuria

221 2005 364 2074 bonorum
383 2001 521 2078 fontium,
544 2019 602 2082 quo
624 2001 710 2065 lectio
733 2019 867 2085 quaeque
880 2002 1035 2065 referenda
1053 2004 1107 2077 sit,
1127 2009 1222 2064 omnm
1240 1998 1377 2062 edinen·

221 2108 296 2171 riam
316 2104 475 2185 editorum,
498 2123 536 2167 an
557 2105 596 2168 ad
617 2105 762 2181 codicum,
776 2105 888 2186 unibus
908 2107 952 2170 illi
972 2107 1019 2168 usi
1039 2115 1120 2180 sunt,
1141 2103 1276 2184 adeoque
1294 2103 1378 2183 ipso-

222 2227 287 2270 rum
305 2215 434 2270 ueterum
456 2207 664 2270 anctoritatem.
706 2211 744 2271 Ut
763 2209 886 2289 uulgata
906 2201 1023 2294 Πιερίῃ
1042 2211 1075 2292 β.
1097 2211 1172 2272 loti.
1192 2205 1272 2268 unde
1290 2205 1376 2268 uobis

158 2377 160 2384 ,
222 2311 252 2372 iu
275 2325 373 2372 omnes
391 2308 469 2397 editt.
490 2310 616 2384 venerit,
642 2311 765 2389 ignoro;
806 2330 902 2393 neque
930 2329 1001 2375 nero
1029 2330 1067 2374 ex
1088 2312 1200 2392 Hymno
1226 2309 1256 2370 in
1278 2307 1375 2371 Marc.

223 2414 272 2476 lo.
293 2429 358 2491 sqq.
381 2419 433 2473 aut
454 2410 571 2474 abunde
587 2411 742 2476 defendere
762 2431 891 2496 possum.
932 2415 976 2477 lbi
999 2415 1072 2478 enim
1095 2431 1154 2478 uon
1170 2415 1309 2496 pastoris
1331 2412 1376 2472 ab

220 2515 417 2598 Amphryso,
451 2515 502 2579 sed
527 2524 721 2578 armentorum
749 2517 804 2579 diis
833 2535 983 2580 sanorum
1010 2519 1118 2580 mentio
1144 2517 1183 2580 bt.
1219 2513 1377 2596 xPlerique

23 2668 27 2677 .
221 2626 317 2682 autem
336 2617 406 2678 boni
428 2617 511 2681 codd.
525 2613 551 2696 ³)
573 2633 637 2680 oum
664 2615 795 2682 Eustath.
822 2628 941 2692 serram
966 2637 1071 2684 nomen
1092 2636 1185 2703 paene
1212 2617 1378 2680 inauditum

23 2795 26 2805 ¹
147 2712 150 2718 ’
217 2723 252 2784 in
272 2721 472 2802 geographia,
492 2721 543 2784 sed
570 2722 627 2785 boc
653 2723 718 2804 ipso
738 2722 776 2784 ad
797 2724 1011 2806 corruptionem
1029 2738 1174 2805 'pronum
1204 2710 1324 2804 Φηρείῃ
1348 2739 1375 2782 s.

218 2816 358 2908 Πηρείῃ,
384 2825 473 2904 idque
498 2823 574 2888 haud
606 2824 693 2887 dubie
721 2841 758 2886 ex
784 2825 840 2886 boc
861 2825 927 2888 loco
950 2826 1093 2907 praebent
1112 2824 1277 2905 Stephanus
1302 2821 1375 2902 Byr.

223 2933 252 2987 et
273 2924 432 3003 Hesychius
459 2943 515 3006 pro
542 2927 665 3006 regione
688 2925 860 2988 Thessaliae
880 2926 981 2989 Pheris
1007 2928 1112 2991 meina.
1162 2927 1222 2990 Sed
1250 2927 1375 2990 αΙίιηιιι
1470 2911 1471 2922 ’

167 3041 202 3096 29
220 3027 308 3090 multo
336 3025 460 3107 plurium
487 3027 642 3089 lectionum
669 3035 757 3089 testes
785 3037 900 3092 exeant
930 3029 1212 3106 mdniuc=obscu1i3
1250 3047 1375 3112 quorum
1470 3015 1471 3032 ¹

218 3139 313 3193 tamen
341 3145 395 3190 nec
415 3147 550 3192 numerus
578 3148 632 3194 uec
654 3129 729 3193 alias
751 3138 883 3212 spectata
905 3132 1020 3194 bonitas
1047 3131 1132 3194 tidem
1157 3135 1257 3198 iacere
1277 3141 1374 3218 poten

218 3235 273 3310 iis,
308 3233 413 3315 quibm
435 3251 499 3298 mm
519 3234 638 3298 istarum
659 3232 760 3312 aliqua
781 3250 934 3297 cansarum
955 3233 1086 3314 derogat
1129 3235 1196 3312 Qua
1217 3255 1255 3300 ex
1276 3235 1373 3299 classe

217 3337 291 3400 haee
312 3336 445 3419 exempla
466 3338 508 3412 ei,
541 3338 592 3417 qui
610 3336 727 3400 Homeri
748 3337 895 3416 ingenium
920 3347 951 3401 et
976 3338 1211 3401 comuntudiuem
1231 3337 1374 3418 loquendi

111 3477 117 3492 .
218 3438 370 3510 calluerit,
392 3437 462 3517 quid
485 3437 585 3512 velim,
606 3457 666 3500 uno
687 3449 844 3520 conspectu
862 3441 1028 3503 ostendant:
1062 3440 1088 3502 ll
1110 3461 1140 3502 α.
1166 3443 1218 3504 20.
1240 3435 1374 3502 hiantes

217 3530 314 3624 milne
326 3531 367 3601 τὰ
390 3534 418 3600 d’
435 3530 558 3600 ἷίιτοινα
573 3533 710 3616 δέχεσθε
723 3549 860 3603 munuum
882 3544 912 3604 in
925 3535 1023 3606 λῦσαί
1037 3560 1073 3603 τε
1094 3561 1129 3626 φ.
1150 3537 1193 3604 τά
1205 3540 1233 3604 τ’
1246 3535 1372 3604 ἄποινα

216 3633 391 3718 δέχεσθαι,
414 3639 447 3719 β.
470 3641 543 3704 293.
565 3633 650 3725 ἤνίιι
669 3635 719 3724 ὅν,
742 3661 771 3725 y.
793 3647 846 3708 42.
860 3639 1004 3731 ἐπόψιον
1024 3646 1055 3707 in
1079 3636 1242 3732 ὑπόψιον,
1265 3641 1294 3707 d.
1317 3648 1371 3707 24.
1469 3643 1470 3650 '

17 3813 21 3948 h
273 3914 304 3983 3)
324 3911 451 3969 Nonnulli
478 3929 585 3977 eorum,
618 3920 648 3968 ut
672 3914 805 3982 Venetas,
838 3921 942 3974 initium
976 3923 1003 3972 et
1028 3919 1107 3990 qnasi
1133 3931 1208 3971 omen
1235 3913 1370 3986 quoddam

14 3993 15 4006 ¹
320 3997 522 4069 depravationis
549 3997 663 4065 habent,
695 4005 814 4074 Πηερίῃ.
857 4001 887 4056 ln
912 4001 1029 4056 scholiis
1056 3999 1123 4055 nihil
1148 4007 1189 4055 est
1218 4001 1251 4054 ad
1280 3998 1306 4055 h.
1334 4015 1369 4066 v.,

320 4099 406 4154 nequo
428 4087 456 4139 in
476 4085 530 4138 illle
550 4084 686 4155 vulgatum
709 4083 821 4140 adortus
840 4087 893 4139 ulai
912 4101 965 4141 uuo
987 4088 1047 4143 loco
1068 4097 1100 4155 ψ.
1122 4093 1182 4144 383.
1226 4085 1279 4139 Sed
1299 4084 1370 4138 barre

316 4172 504 4223 annositatem
531 4183 585 4223 non
611 4172 784 4239 graviorem,
817 4175 896 4239 puto,
932 4182 1010 4242 quom
1043 4169 1195 4237 Macrobii,
1228 4166 1371 4224 habuisset
1468 4225 1469 4230 χ

318 4251 478 4310 Valckenar.
498 4268 574 4326 quem
594 4253 655 4312 tide
675 4254 709 4308 nd
728 4258 847 4310 Ammon.
865 4252 919 4322 111,
942 4261 983 4312 12.
