<?xml version="1.0" encoding="UTF-8"?>
<!DOCTYPE html PUBLIC "-//W3C//DTD XHTML 1.0 Transitional//EN"
    "http://www.w3.org/TR/xhtml1/DTD/xhtml1-transitional.dtd">
<html xmlns="http://www.w3.org/1999/xhtml" xml:lang="en" lang="en">
 <head>
  <title>
</title>
<meta http-equiv="Content-Type" content="text/html;charset=utf-8" />
  <meta name='ocr-system' content='tesseract 3.04.00' />
  <meta name='ocr-capabilities' content='ocr_page ocr_carea ocr_par ocr_line ocrx_word'/>
</head>
<body>
  <div class='ocr_page' id='page_1' title='image "./prolegomenaadho02wolfgoog_0046.png"; bbox 0 0 2944 4900; ppageno 0'>
   <div class='ocr_carea' id='block_1_1' title="bbox 457 359 1239 438">
    <p class='ocr_par' dir='ltr' id='par_1_1' title="bbox 457 359 1239 438">
     <span class='ocr_line' id='line_1_1' title="bbox 457 359 1239 438; baseline 0.019 -15"><span class='ocrx_word' id='word_1_1' title='bbox 457 359 834 432; x_wconf 75' lang='lat' dir='ltr'>Poonhuomtsttu</span> <span class='ocrx_word' id='word_1_2' title='bbox 1195 372 1239 438; x_wconf 80' lang='lat'>35</span> 
     </span>
    </p>
   </div>
   <div class='ocr_carea' id='block_1_2' title="bbox 25 549 1285 2175">
    <p class='ocr_par' dir='ltr' id='par_1_2' title="bbox 25 549 1285 2175">
     <span class='ocr_line' id='line_1_2' title="bbox 89 549 1239 644; baseline 0.012 -33"><span class='ocrx_word' id='word_1_3' title='bbox 89 550 199 630; x_wconf 87' lang='lat' dir='ltr'>dignum</span> <span class='ocrx_word' id='word_1_4' title='bbox 220 549 380 611; x_wconf 84' lang='lat' dir='ltr'>uideretur:</span> <span class='ocrx_word' id='word_1_5' title='bbox 407 550 439 610; x_wconf 91' lang='lat' dir='ltr'>in</span> <span class='ocrx_word' id='word_1_6' title='bbox 460 551 540 612; x_wconf 86' lang='lat' dir='ltr'>aliis·</span> <span class='ocrx_word' id='word_1_7' title='bbox 537 554 680 615; x_wconf 88' lang='lat' dir='ltr'>omnibus</span> <span class='ocrx_word' id='word_1_8' title='bbox 701 557 835 640; x_wconf 84' lang='lat' dir='ltr'>occupati</span> <span class='ocrx_word' id='word_1_9' title='bbox 849 567 941 636; x_wconf 88' lang='lat' dir='ltr'>agunt</span> <span class='ocrx_word' id='word_1_10' title='bbox 954 558 1012 634; x_wconf 88' lang='lat' dir='ltr'>illi,</span> <span class='ocrx_word' id='word_1_11' title='bbox 1034 579 1110 644; x_wconf 79' lang='lat' dir='ltr'>quoe</span> <span class='ocrx_word' id='word_1_12' title='bbox 1128 562 1239 644; x_wconf 82' lang='lat' dir='ltr'>posteri</span> 
     </span>
     <span class='ocr_line' id='line_1_3' title="bbox 88 650 1239 740; baseline 0.011 -26"><span class='ocrx_word' id='word_1_13' title='bbox 88 655 223 727; x_wconf 83' lang='lat' dir='ltr'>scribunt,</span> <span class='ocrx_word' id='word_1_14' title='bbox 244 651 305 727; x_wconf 81' lang='lat' dir='ltr'>uel,</span> <span class='ocrx_word' id='word_1_15' title='bbox 335 658 366 712; x_wconf 92' lang='lat' dir='ltr'>ut</span> <span class='ocrx_word' id='word_1_16' title='bbox 389 650 425 714; x_wconf 88' lang='lat' dir='ltr'>de</span> <span class='ocrx_word' id='word_1_17' title='bbox 447 653 620 734; x_wconf 87' lang='lat' dir='ltr'>quibusdam</span> <span class='ocrx_word' id='word_1_18' title='bbox 641 656 758 737; x_wconf 91' lang='lat' dir='ltr'>populis</span> <span class='ocrx_word' id='word_1_19' title='bbox 780 661 959 740; x_wconf 85' lang='lat' dir='ltr'>accepimns,</span> <span class='ocrx_word' id='word_1_20' title='bbox 989 661 1074 723; x_wconf 87' lang='lat' dir='ltr'>etiam</span> <span class='ocrx_word' id='word_1_21' title='bbox 1095 671 1239 726; x_wconf 86' lang='lat' dir='ltr'>monstra-</span> 
     </span>
     <span class='ocr_line' id='line_1_4' title="bbox 87 758 1237 842; baseline 0.009 -24"><span class='ocrx_word' id='word_1_22' title='bbox 87 767 137 818; x_wconf 88' lang='lat' dir='ltr'>tam</span> <span class='ocrx_word' id='word_1_23' title='bbox 159 775 276 838; x_wconf 86' lang='lat' dir='ltr'>opernm</span> <span class='ocrx_word' id='word_1_24' title='bbox 296 758 371 818; x_wconf 89' lang='lat' dir='ltr'>bane</span> <span class='ocrx_word' id='word_1_25' title='bbox 395 763 535 835; x_wconf 84' lang='lat' dir='ltr'>spernunt</span> <span class='ocrx_word' id='word_1_26' title='bbox 554 767 692 839; x_wconf 87' lang='lat' dir='ltr'>tauquam</span> <span class='ocrx_word' id='word_1_27' title='bbox 713 759 844 823; x_wconf 81' lang='lat' dir='ltr'>indecori</span> <span class='ocrx_word' id='word_1_28' title='bbox 874 763 940 824; x_wconf 92' lang='lat' dir='ltr'>otii:</span> <span class='ocrx_word' id='word_1_29' title='bbox 976 761 1113 826; x_wconf 78' lang='lat' dir='ltr'><strong>Carmina</strong></span> <span class='ocrx_word' id='word_1_30' title='bbox 1133 775 1237 842; x_wconf 85' lang='lat' dir='ltr'>autern,</span> 
     </span>
     <span class='ocr_line' id='line_1_5' title="bbox 89 856 1238 948; baseline 0.01 -28"><span class='ocrx_word' id='word_1_31' title='bbox 89 878 155 941; x_wconf 88' lang='lat' dir='ltr'>quae</span> <span class='ocrx_word' id='word_1_32' title='bbox 173 867 322 942; x_wconf 88' lang='lat' dir='ltr'>pangunt,</span> <span class='ocrx_word' id='word_1_33' title='bbox 352 856 444 936; x_wconf 89' lang='lat' dir='ltr'>longo</span> <span class='ocrx_word' id='word_1_34' title='bbox 472 878 528 920; x_wconf 90' lang='lat' dir='ltr'>usu</span> <span class='ocrx_word' id='word_1_35' title='bbox 551 863 593 924; x_wconf 88' lang='lat' dir='ltr'>sic</span> <span class='ocrx_word' id='word_1_36' title='bbox 620 879 671 924; x_wconf 89' lang='lat' dir='ltr'>ore</span> <span class='ocrx_word' id='word_1_37' title='bbox 699 871 727 924; x_wconf 86' lang='lat' dir='ltr'>et</span> <span class='ocrx_word' id='word_1_38' title='bbox 753 863 880 925; x_wconf 81' lang='lat' dir='ltr'>fundere</span> <span class='ocrx_word' id='word_1_39' title='bbox 903 873 932 927; x_wconf 90' lang='lat' dir='ltr'>et</span> <span class='ocrx_word' id='word_1_40' title='bbox 953 867 1089 948; x_wconf 81' lang='lat' dir='ltr'>excipere</span> <span class='ocrx_word' id='word_1_41' title='bbox 1114 886 1238 932; x_wconf 90' lang='lat' dir='ltr'>eonsue-</span> 
     </span>
     <span class='ocr_line' id='line_1_6' title="bbox 88 963 1236 1046; baseline 0.011 -23"><span class='ocrx_word' id='word_1_42' title='bbox 88 969 196 1037; x_wconf 86' lang='grc' dir='ltr'>ιιιιιιιι,</span> <span class='ocrx_word' id='word_1_43' title='bbox 230 970 262 1022; x_wconf 89' lang='lat' dir='ltr'>ut</span> <span class='ocrx_word' id='word_1_44' title='bbox 290 968 376 1023; x_wconf 87' lang='lat' dir='ltr'>cantu</span> <span class='ocrx_word' id='word_1_45' title='bbox 404 969 432 1022; x_wconf 87' lang='lat' dir='ltr'>et</span> <span class='ocrx_word' id='word_1_46' title='bbox 460 963 631 1026; x_wconf 87' lang='lat' dir='ltr'>recitatione</span> <span class='ocrx_word' id='word_1_47' title='bbox 658 966 851 1042; x_wconf 65' lang='lat' dir='ltr'>cummaxime*</span> <span class='ocrx_word' id='word_1_48' title='bbox 871 967 1001 1046; x_wconf 75' lang='lat' dir='ltr'>vigentia</span> <span class='ocrx_word' id='word_1_49' title='bbox 1027 969 1171 1034; x_wconf 79' lang='lat' dir='ltr'>deducere</span> <span class='ocrx_word' id='word_1_50' title='bbox 1197 971 1236 1036; x_wconf 86' lang='lat' dir='ltr'>nd</span> 
     </span>
     <span class='ocr_line' id='line_1_7' title="bbox 88 1061 1235 1155; baseline 0.012 -31"><span class='ocrx_word' id='word_1_51' title='bbox 88 1071 293 1138; x_wconf 78' lang='lat' dir='ltr'>metusmetus,</span> <span class='ocrx_word' id='word_1_52' title='bbox 324 1081 362 1124; x_wconf 83' lang='lat' dir='ltr'>ex</span> <span class='ocrx_word' id='word_1_53' title='bbox 383 1061 461 1126; x_wconf 87' lang='lat' dir='ltr'>illius</span> <span class='ocrx_word' id='word_1_54' title='bbox 490 1068 592 1128; x_wconf 79' lang='lat' dir='ltr'>aetafis</span> <span class='ocrx_word' id='word_1_55' title='bbox 615 1083 701 1128; x_wconf 88' lang='lat' dir='ltr'>sensu</span> <span class='ocrx_word' id='word_1_56' title='bbox 723 1069 794 1130; x_wconf 88' lang='lat' dir='ltr'>nihil</span> <span class='ocrx_word' id='word_1_57' title='bbox 814 1065 894 1131; x_wconf 87' lang='lat' dir='ltr'>aliud</span> <span class='ocrx_word' id='word_1_58' title='bbox 916 1077 1007 1145; x_wconf 80' lang='lat' dir='ltr'>esset,</span> <span class='ocrx_word' id='word_1_59' title='bbox 1039 1091 1137 1152; x_wconf 82' lang='lat' dir='ltr'>qnam</span> <span class='ocrx_word' id='word_1_60' title='bbox 1156 1075 1235 1155; x_wconf 89' lang='lat' dir='ltr'>peri-</span> 
     </span>
     <span class='ocr_line' id='line_1_8' title="bbox 87 1165 1233 1255; baseline 0.009 -28"><span class='ocrx_word' id='word_1_61' title='bbox 87 1183 156 1228; x_wconf 85' lang='lat' dir='ltr'>mere</span> <span class='ocrx_word' id='word_1_62' title='bbox 180 1185 217 1228; x_wconf 87' lang='lat' dir='ltr'>ea</span> <span class='ocrx_word' id='word_1_63' title='bbox 246 1175 274 1228; x_wconf 89' lang='lat' dir='ltr'>et</span> <span class='ocrx_word' id='word_1_64' title='bbox 298 1165 382 1228; x_wconf 83' lang='lat' dir='ltr'>uitali</span> <span class='ocrx_word' id='word_1_65' title='bbox 400 1169 438 1250; x_wconf 25' lang='lat' dir='ltr'>‚ui</span> <span class='ocrx_word' id='word_1_66' title='bbox 466 1187 501 1232; x_wconf 91' lang='lat' dir='ltr'>ae</span> <span class='ocrx_word' id='word_1_67' title='bbox 530 1171 635 1251; x_wconf 82' lang='lat' dir='ltr'>spiritu</span> <span class='ocrx_word' id='word_1_68' title='bbox 655 1171 781 1252; x_wconf 76' lang='lat' dir='ltr'>privare.</span> <span class='ocrx_word' id='word_1_69' title='bbox 832 1173 899 1253; x_wconf 80' lang='lat' dir='ltr'>Qua</span> <span class='ocrx_word' id='word_1_70' title='bbox 922 1173 957 1234; x_wconf 89' lang='lat' dir='ltr'>de</span> <span class='ocrx_word' id='word_1_71' title='bbox 978 1192 1012 1236; x_wconf 89' lang='lat' dir='ltr'>re</span> <span class='ocrx_word' id='word_1_72' title='bbox 1033 1175 1233 1255; x_wconf 45' lang='lat' dir='ltr'>inlra&#39;di&#39;cnm,</span> 
     </span>
     <span class='ocr_line' id='line_1_9' title="bbox 86 1267 1234 1360; baseline 0.012 -32"><span class='ocrx_word' id='word_1_73' title='bbox 86 1285 163 1346; x_wconf 84' lang='lat' dir='ltr'>quum</span> <span class='ocrx_word' id='word_1_74' title='bbox 189 1267 226 1330; x_wconf 90' lang='lat' dir='ltr'>de</span> <span class='ocrx_word' id='word_1_75' title='bbox 252 1287 370 1360; x_wconf 85' lang='lat' dir='ltr'>munere</span> <span class='ocrx_word' id='word_1_76' title='bbox 397 1271 610 1353; x_wconf 88' lang='lat' dir='ltr'>rhapsodorum</span> <span class='ocrx_word' id='word_1_77' title='bbox 638 1273 801 1356; x_wconf 81' lang='lat' dir='ltr'>explicabo.</span> <span class='ocrx_word' id='word_1_78' title='bbox 858 1273 940 1337; x_wconf 88' lang='lat' dir='ltr'>Nune</span> <span class='ocrx_word' id='word_1_79' title='bbox 969 1275 1007 1336; x_wconf 87' lang='lat' dir='ltr'>ad</span> <span class='ocrx_word' id='word_1_80' title='bbox 1032 1277 1234 1358; x_wconf 87' lang='lat' dir='ltr'>impedimenta</span> 
     </span>
     <span class='ocr_line' id='line_1_10' title="bbox 25 1372 1233 1459; baseline 0.012 -29"><span class='ocrx_word' id='word_1_81' title='bbox 25 1453 26 1456; x_wconf 8' lang='grc' dir='ltr'><strong>Ἴ</strong></span> <span class='ocrx_word' id='word_1_82' title='bbox 85 1372 298 1450; x_wconf 81' lang='lat' dir='ltr'>praesertimnr,</span> <span class='ocrx_word' id='word_1_83' title='bbox 328 1391 404 1454; x_wconf 85' lang='lat' dir='ltr'>quae</span> <span class='ocrx_word' id='word_1_84' title='bbox 435 1381 517 1436; x_wconf 84' lang='lat' dir='ltr'>aetas</span> <span class='ocrx_word' id='word_1_85' title='bbox 545 1375 584 1438; x_wconf 87' lang='lat' dir='ltr'>nd</span> <span class='ocrx_word' id='word_1_86' title='bbox 607 1375 724 1456; x_wconf 83' lang='lat' dir='ltr'>opificia</span> <span class='ocrx_word' id='word_1_87' title='bbox 748 1378 839 1438; x_wconf 90' lang='lat' dir='ltr'>minus</span> <span class='ocrx_word' id='word_1_88' title='bbox 863 1394 959 1456; x_wconf 84' lang='lat' dir='ltr'>sagax</span> <span class='ocrx_word' id='word_1_89' title='bbox 980 1381 1039 1438; x_wconf 85' lang='lat' dir='ltr'>nien</span> <span class='ocrx_word' id='word_1_90' title='bbox 1060 1381 1154 1459; x_wconf 88' lang='lat' dir='ltr'>potuit</span> <span class='ocrx_word' id='word_1_91' title='bbox 1173 1399 1233 1444; x_wconf 90' lang='lat' dir='ltr'>non</span> 
     </span>
     <span class='ocr_line' id='line_1_11' title="bbox 25 1472 1231 1560; baseline 0.012 -28"><span class='ocrx_word' id='word_1_92' title='bbox 25 1497 26 1500; x_wconf 39' lang='lat'>¹</span> <span class='ocrx_word' id='word_1_93' title='bbox 86 1472 217 1548; x_wconf 87' lang='lat' dir='ltr'>obiicere,</span> <span class='ocrx_word' id='word_1_94' title='bbox 248 1493 285 1536; x_wconf 91' lang='lat' dir='ltr'>ne</span> <span class='ocrx_word' id='word_1_95' title='bbox 308 1476 365 1540; x_wconf 89' lang='lat' dir='ltr'>cito</span> <span class='ocrx_word' id='word_1_96' title='bbox 387 1478 456 1540; x_wconf 88' lang='lat' dir='ltr'>talis</span> <span class='ocrx_word' id='word_1_97' title='bbox 483 1497 548 1554; x_wconf 89' lang='lat' dir='ltr'>nes,</span> <span class='ocrx_word' id='word_1_98' title='bbox 577 1487 709 1560; x_wconf 86' lang='lat' dir='ltr'>temper</span> <span class='ocrx_word' id='word_1_99' title='bbox 737 1495 769 1540; x_wconf 90' lang='lat' dir='ltr'>se</span> <span class='ocrx_word' id='word_1_100' title='bbox 796 1497 899 1559; x_wconf 89' lang='lat' dir='ltr'>parum</span> <span class='ocrx_word' id='word_1_101' title='bbox 926 1485 995 1559; x_wconf 90' lang='lat' dir='ltr'>apta</span> <span class='ocrx_word' id='word_1_102' title='bbox 1016 1479 1163 1557; x_wconf 86' lang='lat' dir='ltr'>sensibus,</span> <span class='ocrx_word' id='word_1_103' title='bbox 1193 1484 1231 1546; x_wconf 87' lang='grc' dir='ltr'>ιιι</span> 
     </span>
     <span class='ocr_line' id='line_1_12' title="bbox 85 1576 1285 1671; baseline 0.011 -35"><span class='ocrx_word' id='word_1_104' title='bbox 85 1576 252 1640; x_wconf 79' lang='lat' dir='ltr'>obscuritate</span> <span class='ocrx_word' id='word_1_105' title='bbox 278 1579 504 1642; x_wconf 81' lang='lat' dir='ltr'>rudimentorum</span> <span class='ocrx_word' id='word_1_106' title='bbox 540 1581 578 1671; x_wconf 64' lang='lat' dir='ltr'>qd</span> <span class='ocrx_word' id='word_1_107' title='bbox 613 1587 773 1662; x_wconf 89' lang='lat' dir='ltr'>promptam</span> <span class='ocrx_word' id='word_1_108' title='bbox 813 1579 980 1642; x_wconf 78' lang='lat' dir='ltr'>facilitatem</span> <span class='ocrx_word' id='word_1_109' title='bbox 1002 1581 1235 1662; x_wconf 77' lang='lat' dir='ltr'>perduceretnu&#39;</span> <span class='ocrx_word' id='word_1_110' title='bbox 1282 1659 1285 1662; x_wconf 42' lang='grc'>,</span> 
     </span>
     <span class='ocr_line' id='line_1_13' title="bbox 25 1667 1231 1764; baseline 0.012 -26"><span class='ocrx_word' id='word_1_111' title='bbox 25 1685 27 1724; x_wconf 67' lang='lat'>³</span> <span class='ocrx_word' id='word_1_112' title='bbox 82 1675 181 1740; x_wconf 82' lang='lat' dir='ltr'>Etenim</span> <span class='ocrx_word' id='word_1_113' title='bbox 208 1688 346 1761; x_wconf 90' lang='lat' dir='ltr'>quantum</span> <span class='ocrx_word' id='word_1_114' title='bbox 377 1691 405 1746; x_wconf 92' lang='lat' dir='ltr'>et</span> <span class='ocrx_word' id='word_1_115' title='bbox 434 1667 522 1764; x_wconf 85' lang='lat' dir='ltr'>quam</span> <span class='ocrx_word' id='word_1_116' title='bbox 549 1682 599 1745; x_wconf 85' lang='lat' dir='ltr'>diu</span> <span class='ocrx_word' id='word_1_117' title='bbox 623 1683 660 1742; x_wconf 90' lang='grc' dir='ltr'>ιιι</span> <span class='ocrx_word' id='word_1_118' title='bbox 683 1682 738 1744; x_wconf 89' lang='lat' dir='ltr'>hue</span> <span class='ocrx_word' id='word_1_119' title='bbox 769 1699 879 1761; x_wconf 79' lang='lat' dir='ltr'>genere</span> <span class='ocrx_word' id='word_1_120' title='bbox 901 1682 1066 1746; x_wconf 85' lang='lat' dir='ltr'>laboratum</span> <span class='ocrx_word' id='word_1_121' title='bbox 1096 1687 1133 1748; x_wconf 89' lang='lat' dir='ltr'>sit</span> <span class='ocrx_word' id='word_1_122' title='bbox 1162 1687 1231 1752; x_wconf 89' lang='lat' dir='ltr'>olim</span> 
     </span>
     <span class='ocr_line' id='line_1_14' title="bbox 81 1780 1230 1868; baseline 0.011 -28"><span class='ocrx_word' id='word_1_123' title='bbox 81 1780 325 1844; x_wconf 83' lang='grc' dir='ltr'>ιιιιιιιιιιιιιιοιιιιιι</span> <span class='ocrx_word' id='word_1_124' title='bbox 348 1785 488 1864; x_wconf 83' lang='lat' dir='ltr'>penuria,</span> <span class='ocrx_word' id='word_1_125' title='bbox 510 1785 678 1866; x_wconf 84' lang='lat' dir='ltr'>singulatim</span> <span class='ocrx_word' id='word_1_126' title='bbox 689 1786 827 1866; x_wconf 86' lang='lat' dir='ltr'>persequi</span> <span class='ocrx_word' id='word_1_127' title='bbox 847 1785 941 1868; x_wconf 86' lang='lat' dir='ltr'>ipsum</span> <span class='ocrx_word' id='word_1_128' title='bbox 960 1785 1047 1848; x_wconf 82' lang='lat' dir='ltr'>leber</span> <span class='ocrx_word' id='word_1_129' title='bbox 1068 1796 1121 1850; x_wconf 87' lang='lat' dir='ltr'>est.</span> <span class='ocrx_word' id='word_1_130' title='bbox 1157 1787 1230 1853; x_wconf 86' lang='lat' dir='ltr'>Eum</span> 
     </span>
     <span class='ocr_line' id='line_1_15' title="bbox 25 1878 1229 1978; baseline 0.011 -36"><span class='ocrx_word' id='word_1_131' title='bbox 25 1901 26 1904; x_wconf 79' lang='lat'>¹</span> <span class='ocrx_word' id='word_1_132' title='bbox 81 1890 165 1944; x_wconf 88' lang='lat' dir='ltr'>tamen</span> <span class='ocrx_word' id='word_1_133' title='bbox 191 1878 326 1948; x_wconf 86' lang='lat' dir='ltr'>laborem</span> <span class='ocrx_word' id='word_1_134' title='bbox 361 1889 430 1950; x_wconf 65' lang='lat' dir='ltr'>non¹¹</span> <span class='ocrx_word' id='word_1_135' title='bbox 456 1889 570 1978; x_wconf 90' lang='lat' dir='ltr'>omniuo</span> <span class='ocrx_word' id='word_1_136' title='bbox 602 1887 750 1968; x_wconf 80' lang='lat' dir='ltr'>defugiam</span> <span class='ocrx_word' id='word_1_137' title='bbox 784 1907 884 1958; x_wconf 81' lang='lat' dir='ltr'>eorum</span> <span class='ocrx_word' id='word_1_138' title='bbox 917 1890 1032 1968; x_wconf 86' lang='lat' dir='ltr'>gratia,</span> <span class='ocrx_word' id='word_1_139' title='bbox 1069 1891 1119 1970; x_wconf 84' lang='lat' dir='ltr'>qui</span> <span class='ocrx_word' id='word_1_140' title='bbox 1147 1892 1229 1955; x_wconf 84' lang='lat' dir='ltr'>ninds</span> 
     </span>
     <span class='ocr_line' id='line_1_16' title="bbox 25 1985 1230 2072; baseline 0.012 -28"><span class='ocrx_word' id='word_1_141' title='bbox 25 2005 26 2012; x_wconf 55' lang='lat'>¹</span> <span class='ocrx_word' id='word_1_142' title='bbox 81 1985 177 2048; x_wconf 84' lang='lat' dir='ltr'>assueti</span> <span class='ocrx_word' id='word_1_143' title='bbox 197 2002 362 2068; x_wconf 85' lang='lat' dir='ltr'>pennarum</span> <span class='ocrx_word' id='word_1_144' title='bbox 388 2007 506 2051; x_wconf 86' lang='lat' dir='ltr'>suarum</span> <span class='ocrx_word' id='word_1_145' title='bbox 534 1994 756 2072; x_wconf 81' lang='lat' dir='ltr'>chartarumque</span> <span class='ocrx_word' id='word_1_146' title='bbox 782 1989 895 2069; x_wconf 69' lang='lat' dir='ltr'>lepitati</span> <span class='ocrx_word' id='word_1_147' title='bbox 917 1990 1100 2054; x_wconf 81' lang='grc' dir='ltr'>ιιιιιιιιιιιιιι</span> <span class='ocrx_word' id='word_1_148' title='bbox 1129 1993 1230 2058; x_wconf 71' lang='lat' dir='ltr'>hoino</span> 
     </span>
     <span class='ocr_line' id='line_1_17' title="bbox 80 2087 792 2175; baseline 0.003 -26"><span class='ocrx_word' id='word_1_149' title='bbox 80 2087 146 2150; x_wconf 90' lang='lat' dir='ltr'>modi</span> <span class='ocrx_word' id='word_1_150' title='bbox 166 2107 185 2149; x_wconf 88' lang='lat' dir='ltr'>a</span> <span class='ocrx_word' id='word_1_151' title='bbox 206 2105 255 2175; x_wconf 83' lang='lat' dir='ltr'>me</span> <span class='ocrx_word' id='word_1_152' title='bbox 275 2099 395 2171; x_wconf 83' lang='lat' dir='ltr'>praeter</span> <span class='ocrx_word' id='word_1_153' title='bbox 418 2093 533 2156; x_wconf 87' lang='lat' dir='ltr'>modurn</span> <span class='ocrx_word' id='word_1_154' title='bbox 554 2096 660 2174; x_wconf 85' lang='lat' dir='ltr'>angeri</span> <span class='ocrx_word' id='word_1_155' title='bbox 678 2097 792 2175; x_wconf 88' lang='lat' dir='ltr'>putent.</span> 
     </span>
    </p>
   </div>
   <div class='ocr_carea' id='block_1_3' title="bbox 25 2221 1228 2409">
    <p class='ocr_par' dir='ltr' id='par_1_3' title="bbox 25 2221 1228 2409">
     <span class='ocr_line' id='line_1_18' title="bbox 25 2221 1228 2312; baseline 0.003 -29"><span class='ocrx_word' id='word_1_156' title='bbox 25 2303 27 2312; x_wconf 82' lang='lat'><em>.</em></span> <span class='ocrx_word' id='word_1_157' title='bbox 173 2221 352 2288; x_wconf 86' lang='lat' dir='ltr'>Percurrent</span> <span class='ocrx_word' id='word_1_158' title='bbox 374 2243 447 2304; x_wconf 87' lang='lat' dir='ltr'>ergo</span> <span class='ocrx_word' id='word_1_159' title='bbox 468 2244 578 2290; x_wconf 89' lang='lat' dir='ltr'>mecum</span> <span class='ocrx_word' id='word_1_160' title='bbox 606 2242 661 2300; x_wconf 84' lang='grc' dir='ltr'>ιι,</span> <span class='ocrx_word' id='word_1_161' title='bbox 684 2225 714 2284; x_wconf 93' lang='lat' dir='ltr'>in</span> <span class='ocrx_word' id='word_1_162' title='bbox 745 2221 849 2304; x_wconf 88' lang='lat' dir='ltr'>quibus</span> <span class='ocrx_word' id='word_1_163' title='bbox 875 2221 1029 2303; x_wconf 82' lang='lat' dir='ltr'>graphium</span> <span class='ocrx_word' id='word_1_164' title='bbox 1051 2221 1228 2287; x_wconf 82' lang='lat' dir='ltr'>Graecorum</span> 
     </span>
     <span class='ocr_line' id='line_1_19' title="bbox 25 2317 1228 2409; baseline 0.007 -25"><span class='ocrx_word' id='word_1_165' title='bbox 25 2341 26 2346; x_wconf 79' lang='lat'>¹</span> <span class='ocrx_word' id='word_1_166' title='bbox 79 2323 263 2406; x_wconf 88' lang='lat' dir='ltr'>abantiquis</span> <span class='ocrx_word' id='word_1_167' title='bbox 292 2317 480 2409; x_wconf 85' lang='lat' dir='ltr'>scriptoribus</span> <span class='ocrx_word' id='word_1_168' title='bbox 508 2327 632 2390; x_wconf 88' lang='lat' dir='ltr'>traditur</span> <span class='ocrx_word' id='word_1_169' title='bbox 662 2325 819 2388; x_wconf 85' lang='lat' dir='ltr'>miserrime</span> <span class='ocrx_word' id='word_1_170' title='bbox 846 2324 977 2386; x_wconf 85' lang='lat' dir='ltr'>haesisse</span> <span class='ocrx_word' id='word_1_171' title='bbox 1012 2323 1051 2388; x_wconf 90' lang='lat' dir='ltr'>ad</span> <span class='ocrx_word' id='word_1_172' title='bbox 1080 2327 1228 2392; x_wconf 86' lang='lat' dir='ltr'>saeculum</span> 
     </span>
    </p>
   </div>
   <div class='ocr_carea' id='block_1_4' title="bbox 25 2419 1278 2612">
    <p class='ocr_par' dir='ltr' id='par_1_4' title="bbox 25 2419 1278 2612">
     <span class='ocr_line' id='line_1_20' title="bbox 25 2419 1228 2526; baseline 0.006 -41"><span class='ocrx_word' id='word_1_173' title='bbox 25 2419 27 2526; x_wconf 62' lang='grc' dir='ltr'>ι</span> <span class='ocrx_word' id='word_1_174' title='bbox 78 2421 1228 2520; x_wconf 65' lang='lat' dir='ltr'>iereV1.anteChr„quoprimumbiblusseupapyrusmaioremcomj·</span> 
     </span>
     <span class='ocr_line' id='line_1_21' title="bbox 78 2513 1278 2612; baseline 0.008 -21"><span class='ocrx_word' id='word_1_175' title='bbox 78 2531 233 2594; x_wconf 86' lang='lat' dir='ltr'>moditatem</span> <span class='ocrx_word' id='word_1_176' title='bbox 259 2531 355 2594; x_wconf 89' lang='lat' dir='ltr'>attulit</span> <span class='ocrx_word' id='word_1_177' title='bbox 370 2524 422 2612; x_wconf 78' lang='lat'>²²).</span> <span class='ocrx_word' id='word_1_178' title='bbox 472 2531 532 2596; x_wconf 87' lang='lat' dir='ltr'>Sed</span> <span class='ocrx_word' id='word_1_179' title='bbox 554 2532 627 2594; x_wconf 85' lang='lat' dir='ltr'>lolia</span> <span class='ocrx_word' id='word_1_180' title='bbox 656 2539 684 2594; x_wconf 91' lang='lat' dir='ltr'>et</span> <span class='ocrx_word' id='word_1_181' title='bbox 710 2530 816 2592; x_wconf 89' lang='lat' dir='ltr'>librum</span> <span class='ocrx_word' id='word_1_182' title='bbox 836 2531 972 2593; x_wconf 88' lang='lat' dir='ltr'>arborum</span> <span class='ocrx_word' id='word_1_183' title='bbox 994 2529 1130 2611; x_wconf 77' lang='lat' dir='ltr'>Sibyllis,</span> <span class='ocrx_word' id='word_1_184' title='bbox 1159 2513 1226 2596; x_wconf 83' lang='lat' dir='ltr'>item</span> <span class='ocrx_word' id='word_1_185' title='bbox 1242 2545 1278 2601; x_wconf 86' lang='lat'>60</span> 
     </span>
    </p>
   </div>
   <div class='ocr_carea' id='block_1_5' title="bbox 25 2631 1227 3028">
    <p class='ocr_par' dir='ltr' id='par_1_5' title="bbox 25 2631 1227 3028">
     <span class='ocr_line' id='line_1_22' title="bbox 25 2631 1227 2714; baseline 0.004 -21.234"><span class='ocrx_word' id='word_1_186' title='bbox 25 2631 204 2697; x_wconf 84' lang='lat' dir='ltr'>lubuloso</span> <span class='ocrx_word' id='word_1_187' title='bbox 225 2633 330 2697; x_wconf 87' lang='lat' dir='ltr'>Dareti</span> <span class='ocrx_word' id='word_1_188' title='bbox 359 2644 387 2698; x_wconf 89' lang='lat' dir='ltr'>et</span> <span class='ocrx_word' id='word_1_189' title='bbox 414 2637 575 2699; x_wconf 85' lang='lat' dir='ltr'>amantibus</span> <span class='ocrx_word' id='word_1_190' title='bbox 598 2635 810 2714; x_wconf 83' lang='lat' dir='ltr'>relinquimus,</span> <span class='ocrx_word' id='word_1_191' title='bbox 832 2632 886 2693; x_wconf 88' lang='lat' dir='ltr'>etsi</span> <span class='ocrx_word' id='word_1_192' title='bbox 913 2631 992 2694; x_wconf 89' lang='lat' dir='ltr'>illius</span> <span class='ocrx_word' id='word_1_193' title='bbox 1021 2635 1111 2696; x_wconf 89' lang='lat' dir='ltr'>moris</span> <span class='ocrx_word' id='word_1_194' title='bbox 1138 2637 1227 2698; x_wconf 78' lang='lat' dir='ltr'>uesti-</span> 
     </span>
     <span class='ocr_line' id='line_1_23' title="bbox 25 2723 1224 2822; baseline 0.003 -26"><span class='ocrx_word' id='word_1_195' title='bbox 25 2813 26 2822; x_wconf 8' lang='grc' dir='ltr'>ἵ</span> <span class='ocrx_word' id='word_1_196' title='bbox 25 2723 148 2812; x_wconf 85' lang='lat' dir='ltr'>gium</span> <span class='ocrx_word' id='word_1_197' title='bbox 169 2735 317 2820; x_wconf 84' lang='lat' dir='ltr'>quoddam</span> <span class='ocrx_word' id='word_1_198' title='bbox 339 2737 432 2800; x_wconf 81' lang='lat' dir='ltr'>uideri</span> <span class='ocrx_word' id='word_1_199' title='bbox 452 2740 545 2820; x_wconf 90' lang='lat' dir='ltr'>possit</span> <span class='ocrx_word' id='word_1_200' title='bbox 567 2755 633 2800; x_wconf 90' lang='lat' dir='ltr'>esse</span> <span class='ocrx_word' id='word_1_201' title='bbox 656 2738 687 2797; x_wconf 91' lang='lat' dir='ltr'>in</span> <span class='ocrx_word' id='word_1_202' title='bbox 707 2726 948 2818; x_wconf 76' lang='grc' dir='ltr'>ἒκφυιιοφορίᾳ</span> <span class='ocrx_word' id='word_1_203' title='bbox 970 2743 999 2796; x_wconf 84' lang='grc' dir='ltr'>ιι</span> <span class='ocrx_word' id='word_1_204' title='bbox 1021 2738 1052 2795; x_wconf 91' lang='lat' dir='ltr'>in</span> <span class='ocrx_word' id='word_1_205' title='bbox 1072 2737 1224 2816; x_wconf 87' lang='lat' dir='ltr'>petalismo</span> 
     </span>
     <span class='ocr_line' id='line_1_24' title="bbox 77 2834 1226 2922; baseline 0.002 -24"><span class='ocrx_word' id='word_1_206' title='bbox 77 2835 266 2916; x_wconf 73' lang='lat' dir='ltr'>Succusano.</span> <span class='ocrx_word' id='word_1_207' title='bbox 312 2839 414 2921; x_wconf 88' lang='lat' dir='ltr'>Neque</span> <span class='ocrx_word' id='word_1_208' title='bbox 436 2839 513 2902; x_wconf 91' lang='lat' dir='ltr'>adeo</span> <span class='ocrx_word' id='word_1_209' title='bbox 534 2841 564 2902; x_wconf 91' lang='lat' dir='ltr'>in</span> <span class='ocrx_word' id='word_1_210' title='bbox 585 2839 697 2922; x_wconf 82' lang='lat' dir='ltr'>testulis</span> <span class='ocrx_word' id='word_1_211' title='bbox 718 2834 877 2916; x_wconf 83' lang='lat' dir='ltr'>aliquando</span> <span class='ocrx_word' id='word_1_212' title='bbox 900 2835 988 2895; x_wconf 87' lang='lat' dir='ltr'>scribi</span> <span class='ocrx_word' id='word_1_213' title='bbox 1008 2836 1124 2898; x_wconf 89' lang='lat' dir='ltr'>solitum</span> <span class='ocrx_word' id='word_1_214' title='bbox 1146 2841 1226 2918; x_wconf 87' lang='lat' dir='ltr'>quis-</span> 
     </span>
     <span class='ocr_line' id='line_1_25' title="bbox 78 2927 1225 3028; baseline 0.002 -27"><span class='ocrx_word' id='word_1_215' title='bbox 78 2932 157 3018; x_wconf 87' lang='lat' dir='ltr'>quam</span> <span class='ocrx_word' id='word_1_216' title='bbox 167 2936 268 3002; x_wconf 88' lang='lat' dir='ltr'>docuit</span> <span class='ocrx_word' id='word_1_217' title='bbox 289 2957 326 3004; x_wconf 84' lang='lat' dir='ltr'>ex</span> <span class='ocrx_word' id='word_1_218' title='bbox 349 2959 403 3028; x_wconf 58' lang='lat' dir='ltr'>eo,x</span> <span class='ocrx_word' id='word_1_219' title='bbox 421 2941 499 3021; x_wconf 89' lang='lat' dir='ltr'>quod</span> <span class='ocrx_word' id='word_1_220' title='bbox 521 2961 575 3024; x_wconf 91' lang='lat' dir='ltr'>per</span> <span class='ocrx_word' id='word_1_221' title='bbox 587 2941 653 3003; x_wconf 88' lang='lat' dir='ltr'>illas</span> <span class='ocrx_word' id='word_1_222' title='bbox 668 2938 812 3021; x_wconf 88' lang='lat' dir='ltr'>quaedam</span> <span class='ocrx_word' id='word_1_223' title='bbox 826 2931 968 3017; x_wconf 80' lang='lat' dir='ltr'>sundrag&#39;ia</span> <span class='ocrx_word' id='word_1_224' title='bbox 980 2927 1083 3000; x_wconf 82' lang='lat' dir='ltr'>herent</span> <span class='ocrx_word' id='word_1_225' title='bbox 1095 2939 1225 3004; x_wconf 82' lang='lat' dir='ltr'>Athenis.</span> 
     </span>
    </p>
   </div>
   <div class='ocr_carea' id='block_1_6' title="bbox 25 3039 1226 3187">
    <p class='ocr_par' dir='ltr' id='par_1_6' title="bbox 25 3039 1226 3187">
     <span class='ocr_line' id='line_1_26' title="bbox 25 3039 1226 3187; baseline 0.002 -83"><span class='ocrx_word' id='word_1_226' title='bbox 25 3131 33 3187; x_wconf 58' lang='grc' dir='ltr'>Ι</span> <span class='ocrx_word' id='word_1_227' title='bbox 78 3041 105 3104; x_wconf 94' lang='lat' dir='ltr'>ln</span> <span class='ocrx_word' id='word_1_228' title='bbox 123 3042 272 3127; x_wconf 87' lang='lat' dir='ltr'>lapidibus</span> <span class='ocrx_word' id='word_1_229' title='bbox 292 3051 401 3120; x_wconf 89' lang='lat' dir='ltr'>autem,</span> <span class='ocrx_word' id='word_1_230' title='bbox 421 3045 452 3106; x_wconf 94' lang='lat' dir='ltr'>in</span> <span class='ocrx_word' id='word_1_231' title='bbox 474 3044 563 3124; x_wconf 87' lang='lat' dir='ltr'>lignis</span> <span class='ocrx_word' id='word_1_232' title='bbox 585 3053 614 3106; x_wconf 88' lang='lat' dir='ltr'>et</span> <span class='ocrx_word' id='word_1_233' title='bbox 633 3043 747 3106; x_wconf 88' lang='lat' dir='ltr'>laminis</span> <span class='ocrx_word' id='word_1_234' title='bbox 761 3039 941 3128; x_wconf 85' lang='lat' dir='ltr'>metallorum</span> <span class='ocrx_word' id='word_1_235' title='bbox 953 3041 1047 3122; x_wconf 88' lang='lat' dir='ltr'>prima</span> <span class='ocrx_word' id='word_1_236' title='bbox 1067 3043 1226 3106; x_wconf 88' lang='lat' dir='ltr'>tentamina</span> 
     </span>
    </p>
   </div>
   <div class='ocr_carea' id='block_1_7' title="bbox 79 3225 388 3241">
    <p class='ocr_par' dir='ltr' id='par_1_7' title="bbox 79 3225 388 3241">
     <span class='ocr_line' id='line_1_27' title="bbox 79 3225 388 3241; baseline 0.003 -4"><span class='ocrx_word' id='word_1_237' title='bbox 79 3225 388 3241; x_wconf 51' lang='grc' dir='ltr'>*·-ῄ--ῡ-υ-ἡς-</span> 
     </span>
    </p>
   </div>
   <div class='ocr_carea' id='block_1_8' title="bbox 115 3323 1229 4444">
    <p class='ocr_par' dir='ltr' id='par_1_8' title="bbox 115 3323 1229 4355">
     <span class='ocr_line' id='line_1_28' title="bbox 115 3323 1225 3432; baseline -0.009 -18"><span class='ocrx_word' id='word_1_238' title='bbox 115 3359 161 3428; x_wconf 80' lang='lat'>22)</span> <span class='ocrx_word' id='word_1_239' title='bbox 180 3355 330 3432; x_wconf 75' lang='lat' dir='ltr'>vulgarem</span> <span class='ocrx_word' id='word_1_240' title='bbox 356 3356 508 3432; x_wconf 88' lang='lat' dir='ltr'>opinionem</span> <span class='ocrx_word' id='word_1_241' title='bbox 535 3353 567 3407; x_wconf 92' lang='lat' dir='ltr'>de</span> <span class='ocrx_word' id='word_1_242' title='bbox 595 3323 696 3422; x_wconf 72' lang='lat' dir='ltr'>pappro</span> <span class='ocrx_word' id='word_1_243' title='bbox 723 3353 831 3405; x_wconf 86' lang='lat' dir='ltr'>invento</span> <span class='ocrx_word' id='word_1_244' title='bbox 858 3343 1052 3414; x_wconf 79' lang='lat' dir='ltr'>Alexandriae,</span> <span class='ocrx_word' id='word_1_245' title='bbox 1078 3339 1225 3418; x_wconf 83' lang='lat' dir='ltr'>proiectam</span> 
     </span>
     <span class='ocr_line' id='line_1_29' title="bbox 176 3431 1224 3506; baseline -0.009 -8"><span class='ocrx_word' id='word_1_246' title='bbox 176 3441 252 3497; x_wconf 89' lang='lat' dir='ltr'>aM.</span> <span class='ocrx_word' id='word_1_247' title='bbox 272 3441 397 3497; x_wconf 84' lang='lat' dir='ltr'>Varrone</span> <span class='ocrx_word' id='word_1_248' title='bbox 423 3451 466 3506; x_wconf 91' lang='lat' dir='ltr'>ap</span> <span class='ocrx_word' id='word_1_249' title='bbox 488 3431 556 3490; x_wconf 89' lang='lat' dir='ltr'>Plin.</span> <span class='ocrx_word' id='word_1_250' title='bbox 576 3433 654 3496; x_wconf 89' lang='grc' dir='ltr'>Χιιι</span> <span class='ocrx_word' id='word_1_251' title='bbox 685 3442 816 3500; x_wconf 59' lang='lat'><strong>11521„</strong></span> <span class='ocrx_word' id='word_1_252' title='bbox 846 3433 1224 3504; x_wconf 84' lang='lat' dir='ltr'>pluresnamprndemvnde</span> 
     </span>
     <span class='ocr_line' id='line_1_30' title="bbox 176 3516 1226 3580; baseline -0.005 0"><span class='ocrx_word' id='word_1_253' title='bbox 176 3533 239 3580; x_wconf 89' lang='lat' dir='ltr'>runt</span> <span class='ocrx_word' id='word_1_254' title='bbox 259 3526 354 3580; x_wconf 77' lang='lat' dir='ltr'>falsam</span> <span class='ocrx_word' id='word_1_255' title='bbox 375 3534 444 3578; x_wconf 81' lang='lat' dir='ltr'>esse</span> <span class='ocrx_word' id='word_1_256' title='bbox 480 3521 622 3578; x_wconf 81' lang='lat' dir='ltr'>linimuero</span> <span class='ocrx_word' id='word_1_257' title='bbox 642 3520 747 3574; x_wconf 86' lang='lat' dir='ltr'>loeutus</span> <span class='ocrx_word' id='word_1_258' title='bbox 766 3517 871 3572; x_wconf 84' lang='lat' dir='ltr'>videtur</span> <span class='ocrx_word' id='word_1_259' title='bbox 889 3517 976 3572; x_wconf 87' lang='lat' dir='ltr'>Varro</span> <span class='ocrx_word' id='word_1_260' title='bbox 997 3516 1029 3572; x_wconf 93' lang='lat' dir='ltr'>da</span> <span class='ocrx_word' id='word_1_261' title='bbox 1045 3519 1226 3576; x_wconf 85' lang='lat' dir='ltr'>commodiore</span> 
     </span>
     <span class='ocr_line' id='line_1_31' title="bbox 176 3597 1226 3686; baseline -0.006 -22"><span class='ocrx_word' id='word_1_262' title='bbox 176 3612 293 3684; x_wconf 87' lang='lat' dir='ltr'>quadam</span> <span class='ocrx_word' id='word_1_263' title='bbox 318 3611 425 3663; x_wconf 88' lang='lat' dir='ltr'>ratione</span> <span class='ocrx_word' id='word_1_264' title='bbox 454 3605 594 3661; x_wconf 81' lang='lat' dir='ltr'>iaciendas</span> <span class='ocrx_word' id='word_1_265' title='bbox 622 3605 731 3658; x_wconf 87' lang='lat' dir='ltr'>chartae</span> <span class='ocrx_word' id='word_1_266' title='bbox 757 3597 942 3686; x_wconf 75' lang='lat' dir='ltr'>puppraceae,</span> <span class='ocrx_word' id='word_1_267' title='bbox 971 3603 1048 3675; x_wconf 85' lang='lat' dir='ltr'>quali</span> <span class='ocrx_word' id='word_1_268' title='bbox 1073 3609 1149 3658; x_wconf 86' lang='lat' dir='ltr'>actas</span> <span class='ocrx_word' id='word_1_269' title='bbox 1176 3619 1226 3658; x_wconf 89' lang='lat' dir='ltr'>sua</span> 
     </span>
     <span class='ocr_line' id='line_1_32' title="bbox 176 3675 1227 3762; baseline -0.009 -10"><span class='ocrx_word' id='word_1_270' title='bbox 176 3697 312 3752; x_wconf 87' lang='lat' dir='ltr'>utebatur.</span> <span class='ocrx_word' id='word_1_271' title='bbox 349 3691 431 3746; x_wconf 83' lang='lat' dir='ltr'>cutus</span> <span class='ocrx_word' id='word_1_272' title='bbox 452 3695 491 3745; x_wconf 89' lang='lat' dir='ltr'>rei</span> <span class='ocrx_word' id='word_1_273' title='bbox 505 3693 592 3746; x_wconf 84' lang='lat' dir='ltr'>simile</span> <span class='ocrx_word' id='word_1_274' title='bbox 607 3690 730 3762; x_wconf 87' lang='lat' dir='ltr'>quiddam</span> <span class='ocrx_word' id='word_1_275' title='bbox 751 3687 890 3744; x_wconf 89' lang='lat' dir='ltr'>notabitur</span> <span class='ocrx_word' id='word_1_276' title='bbox 904 3686 995 3756; x_wconf 90' lang='lat' dir='ltr'>paullo</span> <span class='ocrx_word' id='word_1_277' title='bbox 1011 3693 1074 3760; x_wconf 85' lang='lat' dir='ltr'>post</span> <span class='ocrx_word' id='word_1_278' title='bbox 1090 3692 1118 3742; x_wconf 89' lang='lat' dir='ltr'>iu</span> <span class='ocrx_word' id='word_1_279' title='bbox 1132 3675 1227 3743; x_wconf 85' lang='lat' dir='ltr'>charta</span> 
     </span>
     <span class='ocr_line' id='line_1_33' title="bbox 179 3775 1227 3849; baseline -0.008 -15"><span class='ocrx_word' id='word_1_280' title='bbox 179 3779 356 3849; x_wconf 79' lang='lat' dir='ltr'>Pergamena.</span> <span class='ocrx_word' id='word_1_281' title='bbox 395 3776 497 3831; x_wconf 78' lang='grc' dir='ltr'>(ιοιιιιιι</span> <span class='ocrx_word' id='word_1_282' title='bbox 516 3775 594 3828; x_wconf 90' lang='lat' dir='ltr'>nihili</span> <span class='ocrx_word' id='word_1_283' title='bbox 611 3777 824 3836; x_wconf 77' lang='lat' dir='ltr'>scortationes,</span> <span class='ocrx_word' id='word_1_284' title='bbox 846 3777 957 3841; x_wconf 88' lang='lat' dir='ltr'>propter</span> <span class='ocrx_word' id='word_1_285' title='bbox 974 3785 1041 3840; x_wconf 89' lang='lat' dir='ltr'>quas</span> <span class='ocrx_word' id='word_1_286' title='bbox 1055 3776 1227 3842; x_wconf 85' lang='lat' dir='ltr'>scriptorium</span> 
     </span>
     <span class='ocr_line' id='line_1_34' title="bbox 176 3847 1226 3932; baseline -0.01 -14"><span class='ocrx_word' id='word_1_287' title='bbox 176 3879 253 3918; x_wconf 83' lang='lat' dir='ltr'>usum</span> <span class='ocrx_word' id='word_1_288' title='bbox 274 3864 372 3932; x_wconf 74' lang='lat' dir='ltr'>papyri</span> <span class='ocrx_word' id='word_1_289' title='bbox 396 3863 463 3932; x_wconf 89' lang='lat' dir='ltr'>ipsis</span> <span class='ocrx_word' id='word_1_290' title='bbox 489 3862 604 3916; x_wconf 84' lang='lat' dir='ltr'>saeculis</span> <span class='ocrx_word' id='word_1_291' title='bbox 630 3866 717 3916; x_wconf 81' lang='lat' dir='ltr'>vatum</span> <span class='ocrx_word' id='word_1_292' title='bbox 738 3859 860 3926; x_wconf 87' lang='lat' dir='ltr'>assignat</span> <span class='ocrx_word' id='word_1_293' title='bbox 886 3847 1061 3912; x_wconf 85' lang='lat' dir='ltr'>Gnilandinns</span> <span class='ocrx_word' id='word_1_294' title='bbox 1081 3856 1226 3910; x_wconf 84' lang='lat' dir='ltr'>Comment.</span> 
     </span>
     <span class='ocr_line' id='line_1_35' title="bbox 178 3938 1225 4018; baseline -0.008 -18"><span class='ocrx_word' id='word_1_295' title='bbox 178 3950 206 4000; x_wconf 90' lang='lat' dir='ltr'>in</span> <span class='ocrx_word' id='word_1_296' title='bbox 226 3955 242 4004; x_wconf 85' lang='lat'><strong>3</strong></span> <span class='ocrx_word' id='word_1_297' title='bbox 262 3945 330 3999; x_wconf 89' lang='lat' dir='ltr'>Plin.</span> <span class='ocrx_word' id='word_1_298' title='bbox 349 3960 424 4015; x_wconf 90' lang='lat' dir='ltr'>capp</span> <span class='ocrx_word' id='word_1_299' title='bbox 446 3945 478 3999; x_wconf 92' lang='lat' dir='ltr'>de</span> <span class='ocrx_word' id='word_1_300' title='bbox 497 3960 599 4018; x_wconf 77' lang='lat' dir='ltr'>papyro</span> <span class='ocrx_word' id='word_1_301' title='bbox 625 3943 663 3998; x_wconf 89' lang='lat' dir='ltr'>bl.</span> <span class='ocrx_word' id='word_1_302' title='bbox 683 3942 716 3997; x_wconf 94' lang='grc' dir='ltr'>ιι.</span> <span class='ocrx_word' id='word_1_303' title='bbox 745 3960 770 4012; x_wconf 86' lang='lat' dir='ltr'>p.</span> <span class='ocrx_word' id='word_1_304' title='bbox 793 3950 833 4000; x_wconf 91' lang='lat'>17</span> <span class='ocrx_word' id='word_1_305' title='bbox 854 3957 913 4010; x_wconf 89' lang='lat' dir='ltr'>sqq.</span> <span class='ocrx_word' id='word_1_306' title='bbox 949 3938 984 3994; x_wconf 84' lang='lat' dir='ltr'>At</span> <span class='ocrx_word' id='word_1_307' title='bbox 1003 3943 1088 4012; x_wconf 89' lang='lat' dir='ltr'>quinti</span> <span class='ocrx_word' id='word_1_308' title='bbox 1117 3955 1142 3994; x_wconf 87' lang='grc' dir='ltr'>ιι.</span> <span class='ocrx_word' id='word_1_309' title='bbox 1164 3939 1225 3994; x_wconf 77' lang='lat' dir='ltr'>cur.</span> 
     </span>
     <span class='ocr_line' id='line_1_36' title="bbox 179 4011 1228 4096; baseline -0.011 -9"><span class='ocrx_word' id='word_1_310' title='bbox 179 4031 283 4088; x_wconf 84' lang='lat' dir='ltr'>sacculi</span> <span class='ocrx_word' id='word_1_311' title='bbox 301 4031 455 4085; x_wconf 84' lang='lat' dir='ltr'>testimonia</span> <span class='ocrx_word' id='word_1_312' title='bbox 475 4030 612 4096; x_wconf 81' lang='lat' dir='ltr'>uidemus,</span> <span class='ocrx_word' id='word_1_313' title='bbox 633 4011 799 4092; x_wconf 76' lang='lat' dir='ltr'>(ionicorum</span> <span class='ocrx_word' id='word_1_314' title='bbox 818 4031 974 4096; x_wconf 83' lang='lat' dir='ltr'>poetarum,</span> <span class='ocrx_word' id='word_1_315' title='bbox 994 4024 1097 4080; x_wconf 80' lang='lat' dir='ltr'>Cratini</span> <span class='ocrx_word' id='word_1_316' title='bbox 1117 4030 1144 4080; x_wconf 88' lang='lat' dir='ltr'>et</span> <span class='ocrx_word' id='word_1_317' title='bbox 1164 4022 1228 4088; x_wconf 78' lang='lat' dir='ltr'>Ple-</span> 
     </span>
     <span class='ocr_line' id='line_1_37' title="bbox 179 4106 1229 4185; baseline -0.008 -17"><span class='ocrx_word' id='word_1_318' title='bbox 179 4117 253 4170; x_wconf 86' lang='lat' dir='ltr'>tonis</span> <span class='ocrx_word' id='word_1_319' title='bbox 273 4130 316 4185; x_wconf 88' lang='lat' dir='ltr'>ap.</span> <span class='ocrx_word' id='word_1_320' title='bbox 339 4113 472 4169; x_wconf 90' lang='lat' dir='ltr'>Pollucem</span> <span class='ocrx_word' id='word_1_321' title='bbox 492 4111 548 4168; x_wconf 86' lang='lat' dir='ltr'>Vll.</span> <span class='ocrx_word' id='word_1_322' title='bbox 569 4120 636 4168; x_wconf 84' lang='lat' dir='ltr'>extr.</span> <span class='ocrx_word' id='word_1_323' title='bbox 658 4117 738 4181; x_wconf 89' lang='lat' dir='ltr'>atquo</span> <span class='ocrx_word' id='word_1_324' title='bbox 756 4110 887 4165; x_wconf 90' lang='lat' dir='ltr'>llerodoti</span> <span class='ocrx_word' id='word_1_325' title='bbox 905 4110 923 4162; x_wconf 94' lang='lat' dir='ltr'>l.</span> <span class='ocrx_word' id='word_1_326' title='bbox 943 4108 962 4164; x_wconf 90' lang='lat'>1.</span> <span class='ocrx_word' id='word_1_327' title='bbox 999 4106 1102 4162; x_wconf 89' lang='lat' dir='ltr'>Primus</span> <span class='ocrx_word' id='word_1_328' title='bbox 1121 4108 1229 4161; x_wconf 89' lang='lat' dir='ltr'>illorum</span> 
     </span>
     <span class='ocr_line' id='line_1_38' title="bbox 176 4187 1229 4274; baseline -0.006 -23"><span class='ocrx_word' id='word_1_329' title='bbox 176 4197 411 4274; x_wconf 58' lang='lat' dir='ltr'>&#39;prpteoyodupom</span> <span class='ocrx_word' id='word_1_330' title='bbox 436 4199 505 4252; x_wconf 87' lang='lat' dir='ltr'>aiter</span> <span class='ocrx_word' id='word_1_331' title='bbox 519 4195 629 4270; x_wconf 81' lang='grc' dir='ltr'>χάριιις</span> <span class='ocrx_word' id='word_1_332' title='bbox 648 4195 754 4259; x_wconf 85' lang='lat' dir='ltr'>babuit;</span> <span class='ocrx_word' id='word_1_333' title='bbox 788 4197 901 4259; x_wconf 88' lang='lat' dir='ltr'>tertius,</span> <span class='ocrx_word' id='word_1_334' title='bbox 928 4198 955 4246; x_wconf 86' lang='lat' dir='ltr'>et</span> <span class='ocrx_word' id='word_1_335' title='bbox 974 4193 998 4245; x_wconf 93' lang='lat' dir='ltr'>is</span> <span class='ocrx_word' id='word_1_336' title='bbox 1018 4191 1103 4249; x_wconf 81' lang='lat' dir='ltr'>minus</span> <span class='ocrx_word' id='word_1_337' title='bbox 1124 4187 1229 4264; x_wconf 85' lang='lat' dir='ltr'>quidem</span> 
     </span>
     <span class='ocr_line' id='line_1_39' title="bbox 182 4276 1229 4355; baseline -0.009 -17"><span class='ocrx_word' id='word_1_338' title='bbox 182 4285 323 4355; x_wconf 87' lang='lat' dir='ltr'>ambigue,</span> <span class='ocrx_word' id='word_1_339' title='bbox 350 4286 466 4352; x_wconf 69' lang='grc' dir='ltr'><strong><em>βίβλους</em></strong></span> <span class='ocrx_word' id='word_1_340' title='bbox 484 4283 598 4353; x_wconf 83' lang='lat' dir='ltr'>aliisque</span> <span class='ocrx_word' id='word_1_341' title='bbox 615 4282 684 4336; x_wconf 89' lang='lat' dir='ltr'>lacis</span> <span class='ocrx_word' id='word_1_342' title='bbox 703 4279 812 4348; x_wconf 70' lang='grc' dir='ltr'>βιβλία,</span> <span class='ocrx_word' id='word_1_343' title='bbox 840 4285 921 4349; x_wconf 90' lang='lat' dir='ltr'>atque</span> <span class='ocrx_word' id='word_1_344' title='bbox 941 4279 968 4330; x_wconf 90' lang='lat' dir='ltr'>in</span> <span class='ocrx_word' id='word_1_345' title='bbox 987 4276 1035 4330; x_wconf 91' lang='lat' dir='ltr'>illo</span> <span class='ocrx_word' id='word_1_346' title='bbox 1054 4280 1122 4342; x_wconf 79' lang='lat' dir='ltr'>satis</span> <span class='ocrx_word' id='word_1_347' title='bbox 1143 4278 1229 4349; x_wconf 89' lang='lat' dir='ltr'>signi-</span> 
     </span>
    </p>

    <p class='ocr_par' dir='ltr' id='par_1_9' title="bbox 145 4363 950 4444">
     <span class='ocr_line' id='line_1_40' title="bbox 145 4363 950 4444; baseline -0.004 -26"><span class='ocrx_word' id='word_1_348' title='bbox 145 4407 150 4418; x_wconf 92' lang='lat'><em>.</em></span> <span class='ocrx_word' id='word_1_349' title='bbox 182 4367 261 4436; x_wconf 84' lang='lat' dir='ltr'>heat,</span> <span class='ocrx_word' id='word_1_350' title='bbox 278 4381 332 4424; x_wconf 86' lang='lat' dir='ltr'>nna</span> <span class='ocrx_word' id='word_1_351' title='bbox 347 4373 439 4423; x_wconf 85' lang='lat' dir='ltr'>aetate</span> <span class='ocrx_word' id='word_1_352' title='bbox 459 4381 514 4420; x_wconf 90' lang='lat' dir='ltr'>non</span> <span class='ocrx_word' id='word_1_353' title='bbox 530 4365 732 4444; x_wconf 29' lang='lat' dir='ltr'>nouum-luisse</span> <span class='ocrx_word' id='word_1_354' title='bbox 750 4378 825 4418; x_wconf 84' lang='lat' dir='ltr'>usum</span> <span class='ocrx_word' id='word_1_355' title='bbox 845 4363 950 4432; x_wconf 73' lang='lat' dir='ltr'>papyri.</span> 
     </span>
    </p>
   </div>
   <div class='ocr_carea' id='block_1_9' title="bbox 969 4444 1024 4509">
    <p class='ocr_par' dir='ltr' id='par_1_10' title="bbox 969 4444 1024 4509">
     <span class='ocr_line' id='line_1_41' title="bbox 969 4444 1024 4509; baseline 0 -23"><span class='ocrx_word' id='word_1_356' title='bbox 969 4444 1024 4509; x_wconf 77' lang='grc'>3*</span> 
     </span>
    </p>
   </div>
   <div class='ocr_carea' id='block_1_10' title="bbox 0 0 1476 4900">
    <p class='ocr_par' dir='ltr' id='par_1_11' title="bbox 0 0 1476 4900">
     <span class='ocr_line' id='line_1_42' title="bbox 0 0 1476 4900; baseline 0 1"><span class='ocrx_word' id='word_1_357' title='bbox 0 0 1476 4900; x_wconf 95' lang='lat' dir='ltr'> </span> 
     </span>
    </p>
   </div>
  </div>
 </body>
</html>
