2944 4900
493 345 862 412 PROLEGOMENA.
1209 351 1253 415 73

205 533 331 598 llandem
355 551 416 598 rem
436 533 561 596 forsitan
581 533 692 596 irustra
713 537 825 616 experti
847 535 970 599 luissent
991 537 1098 600 Graeci
1125 539 1156 600 im
1186 539 1251 603 aliis

32 719 33 732 χ
118 630 260 716 Νόστοις,
290 657 348 719 quo
375 637 490 700 nominc
509 637 596 720 plura
618 639 777 702 'emamus
803 640 923 720 antiqua
949 639 1099 718 Carmina,
1129 625 1253 722 quorum

119 750 293 806 domatores
319 740 434 821 quidem
463 741 548 803 nohis
571 742 641 804 satis
669 743 731 804 uoti
761 750 828 803 sunt
842 735 896 816 ⁸⁸).
945 741 1011 805 Sed.
1032 744 1140 807 nullius
1169 764 1253 809 error

118 849 167 904 tam
183 844 285 924 longus
306 851 423 924 tamque
446 843 594 906 disiunctis
616 845 647 905 in
667 845 741 908 lotis
761 845 859 908 iuerat
880 863 966 926 quam
988 846 1115 928 Ulyssis,
1143 850 1321 916 nullius122

119 953 167 1007 tam
184 947 326 1013 miraltilcs
347 947 578 1027 terramariqua
601 965 687 1010 casus
710 947 885 1011 etludibria
904 949 1039 1012 somenae
1060 950 1138 1014 fama
1159 951 1255 1014 diuul-

76 1129 80 1133 ⁵
119 1060 243 1128 gereret,
276 1060 308 1114 ut
338 1053 402 1114 iure
431 1051 518 1113 liceat
548 1052 706 1132 suspicari,
737 1058 845 1114 tautam
877 1053 989 1134 copiam
1018 1053 1103 1116 huius
1136 1053 1253 1132 generis

119 1151 266 1216 Geminum
289 1154 326 1218 de
346 1154 405 1216 alio
434 1155 516 1219 nullo
536 1155 711 1237 ‘suppetiise
762 1155 823 1216 lam
850 1161 878 1216 et
903 1156 954 1216 hic
982 1164 1010 1217 et
1038 1159 1069 1216 in
1096 1156 1190 1221 Iliade
1217 1173 1252 1218 eo

118 1253 171 1318 iere
196 1259 285 1320 omnis
313 1256 387 1319 redit
419 1257 574 1332 dubitatio,
608 1276 662 1333 am,
696 1258 722 1319 si
750 1275 787 1320 ex
811 1265 873 1320 toto
900 1266 1026 1339 mutuor
1049 1258 1098 1322 uel
1127 1261 1254 1340 quinque

119 1360 228 1422 umores
261 1359 435 1441 rhapsodias
468 1361 668 1442 excerpseris,
708 1349 939 1441 unamquamque
975 1361 1067 1438 trium
1093 1361 1254 1443 pluriumve

118 1459 257 1538 librorum,
285 1463 317 1524 im
343 1465 380 1526 iis
408 1462 539 1526 seorsum
557 1463 662 1551 positis
685 1464 747 1524 eius
771 1481 913 1538 summae,
940 1482 1026 1544 pam
1054 1473 1130 1527 nuuc
1157 1483 1254 1528 omues

119 1563 292 1640 admiramur,
326 1567 453 1648 uestigia
485 1567 534 1630 uel
568 1566 764 1630 tautummodo
791 1566 909 1630 uinculo
941 1579 1067 1646 magnac
1103 1570 1256 1650 compagis

118 1669 232 1749 primitus
250 1669 424 1749 designatae
450 1669 661 1752 deprehendas.
710 1669 780 1732 Scio
801 1687 887 1751 quam
915 1669 1032 1733 difficile
1060 1671 1111 1746 sit,
1141 1671 1256 1734 Aristo-

32 1823 33 1844 2
114 1773 191 1848 telem
210 1783 236 1837 et
254 1783 370 1838 ceteros
387 1771 550 1854 scriptores
568 1775 674 1836 ardum
697 1775 845 1849 obliuisci,
874 1775 924 1855 qui
946 1774 1034 1836 multo
1054 1781 1138 1855 post,
1169 1793 1256 1862 quam

119 1885 203 1956 partes
226 1879 283 1940 lac
308 1876 426 1940 uniter
454 1874 639 1953 coaluerant,
666 1877 735 1940 inde
764 1883 925 1959 praecepta
951 1893 1006 1937 sua
1032 1876 1200 1963 duxeram
1225 1885 1257 1939 at

119 1981 203 2062 quidni
226 1981 383 2045 iucundum
412 1980 462 2053 sit,
501 1981 589 2042 semel
617 1988 645 2042 et
672 1981 774 2042 iterum
801 1997 839 2042 ex
866 1979 983 2040 illarum
1015 1978 1257 2060 contemplatione

120 2086 327 2166 antiquissimae
347 2083 446 2164 poesis
468 2083 612 2163 specimen
633 2083 761 2163 capere?
797 2100 883 2163 quam
910 2082 986 2164 inter
1006 2100 1104 2144 omues
1123 2079 1258 2144 conuenit
1300 2141 1304 2145 .

118 2187 149 2248 ad
172 2189 325 2252 Homerum
351 2203 444 2266 usque
477 2184 588 2246 mdlum
613 2183 732 2262 lougius
768 2190 796 2244 et
831 2183 915 2245 huius
944 2182 1055 2245 formae
1083 2201 1156 2266 opus
1187 2203 1269 2267 pro--

117 2289 204 2355 tulisse
218 2286 280 2369 ⁸⁹).
322 2289 398 2353 Mihi
421 2288 551 2370 quddam,
578 2285 689 2360 fateor,
720 2287 833 2367 quoties
851 2285 883 2347 iu‘
904 2285 976 2347 illud
998 2287 1123 2368 priscum
1145 2305 1256 2364 aemm,

32 2409 34 2482 ξ
118 2404 239 2474 quantum
264 2409 397 2476 possum,
426 2389 790 2464 auimoredeo,·-minime
818 2389 970 2471 displicent
991 2391 1049 2454 isto
1075 2391 1160 2454 modo
1180 2392 1258 2456 lecta

32 2497 34 2600 p
116 2497 178 2561 daeo
199 2497 353 2571 carmina,
375 2511 471 2575 neque
492 2495 522 2554 iu
542 2491 776 2572 ingeniosissimo
799 2493 984 2556 adolescente
1005 2494 1123 2556 senilem
1141 2496 1258 2577 sapien-

32 2601 33 2682 l
117 2602 176 2663 tiam
201 2600 347 2664 desidero.
404 2598 577 2678 Quamquam
601 2615 664 2658 nou
694 2604 753 2658 tam
779 2597 960 2677 sapientiam
995 2604 1023 2658 et
1048 2599 1255 2678 praestantiam
1273 2612 1324 2668 123

32 2725 33 2776 p
119 2708 192 2781 anis,
219 2721 309 2786 quam
337 2708 436 2764 tautae
465 2709 494 2762 et
523 2706 581 2760 tam
608 2699 689 2760 uarie
719 2697 856 2779 episodiis
879 2699 1031 2776 distinctae
1055 2701 1257 2782 perpetuitatis

32 2796 33 2830 r
119 2785 312 2887 cogitationem
349 2805 387 2866 ab
418 2803 536 2866 Homeri
563 2801 631 2863 loco
668 2808 696 2862 et
721 2799 820 2862 indole
848 2800 973 2862 alienam
1010 2818 1075 2866 esse
1104 2805 1256 2870 contendo.

32 2887 33 2936 3
117 2911 180 2973 llam
197 2928 295 2993 oeque
320 2925 370 2970 ars
398 2913 426 2968 et
452 2907 587 2976 iunctura
608 2903 674 2978 illa,
703 2904 758 2965 etsi
784 2922 907 2965 summas
921 2903 1038 2972 ,laudas
1068 2907 1186 2981 meruit,
1215 2908 1259 2970 ita

120 3015 214 3079 callida
232 3023 280 3079 est
307 3021 335 3074 et
360 3009 489 3085 stabulis,
517 3015 549 3069 ut
582 3025 645 3072 cam
672 3009 776 3086 iugens
797 3008 959 3086 ingenium,
991 3011 1164 3073 necessariis
1185 3005 1258 3073 ‘sub-.

122 3211 413 3227 ψ

153 3345 356 3420 septimorum
381 3341 531 3397 adasaub.
555 3343 589 3395 in·
603 3339 699 3394 Athen.
719 3338 771 3407 lv,
802 3342 843 3396 td.
871 3346 937 3394 eutr.
964 3340 1080 3410 aliisque
1105 3338 1257 3405 laudantur,

214 3436 273 3490 iere
288 3438 351 3486 suro
359 3431 548 3494 recentiores,
564 3431 593 3480 at
610 3424 644 3478 ab
661 3425 716 3478 illis
729 3423 837 3480 Homeri
855 3424 1013 3497 aequalibus
1028 3425 1166 3486 materiam
1182 3439 1257 3488 suam

211 3519 355 3588 petierant.

155 3619 202 3688 89)
221 3617 260 3672 me
279 3615 425 3672 Aristotele
444 3613 507 3685 qaid
524 3610 653 3676 audeam,
680 3608 769 3668 uideo.
812 3607 865 3663 Sed
890 3613 919 3664 iu
937 3610 1029 3666 eadam
1047 3623 1133 3680 pasus
1151 3607 1260 3680 haeresi

214 3717 287 3765 sum,
314 3715 392 3770 quam
411 3714 496 3769 nuper
518 3696 656 3768 protessus
682 3700 724 3750 est
746 3700 841 3749 auctor
864 3697 997 3766 elegantis
1026 3695 1128 3772 tinelli:
1161 3696 1260 3749 Purat-

215 3789 301 3848 Μαι,
334 3802 360 3854 p.
390 3789 431 3842 td.
455 3800 514 3854 sqq.
564 3779 666 3834 Bciude
690 3779 761 3850 quod
788 3785 932 3838 convenire
957 3783 1012 3838 dixi
1037 3780 1070 3834 de
1098 3781 1175 3848 poesi
1198 3784 1261 3832 ante

216 3869 375 3931 llsmernm,
400 3869 427 3922 id
456 3885 511 3924 uou
534 3865 596 3921 sola
614 3866 769 3918 coniectura
787 3870 898 3933 aititur,
924 3869 972 3923 sed
1000 3870 1118 3936 ipsorum
1142 3868 1260 3916 vetorum

218 3955 396 4018 auctoritate,
428 3955 473 4023 qui
499 3953 605 4006 illoram
635 3953 799 4005 canticoram
829 3955 988 4021 argumenta
1012 3950 1170 4009 atramina
1193 3951 1261 4002 satis

218 4039 302 4094 multa
319 4036 468 4108 proterunt.
511 4036 541 4091 lu
560 4038 645 4092 oculis
672 4043 730 4105 est,
754 4042 862 4109 praetor
887 4035 1016 4090 Volteium
1043 4037 1133 4090 attat
1160 4033 1261 4088 similer

219 4123 389 4189 laudatores,
411 4124 572 4180 Aristotcles
591 4138 613 4177 o.
633 4125 694 4188 aa,
715 4125 761 4194 qui
779 4123 884 4192 aliquot
904 4120 1047 4175 virtutihus
1065 4121 1134 4189 epici
1151 4125 1261 4190 poema-

219 4211 255 4262 tis
272 4213 436 4266 enumeratis
452 4213 579 4282 apponit:
616 4201 660 4268 οἷς
680 4211 770 4264 πᾶσιν
790 4205 915 4280 Ὅμηρος
933 4206 1067 4278 κέχρηται
1086 4207 1136 4258 aul
1149 4209 1264 4276 πρῶτος

220 4296 269 4346 καὶ
287 4295 398 4358 ἱκανῶς.
433 4295 474 4351 lta
493 4297 630 4366 plerisque
655 4294 701 4350 ilic
720 4299 761 4349 est
787 4297 815 4347 ct
829 4293 932 4360 orturus
958 4297 984 4344 ct
1009 4289 1127 4344 omuibus
1148 4291 1265 4344 aumerle

219 4379 366 4436 aduolutus.
