2976 4900
236 301 280 366 ss
624 277 991 362 roosncomnur.

237 489 326 562 Nam,
355 495 387 548 ut
406 485 479 548 duas
502 486 595 548 obiter
619 493 753 563 tangam,
781 491 810 547 et
835 486 910 545 inter
940 497 973 543 se
1002 479 1173 543 crassaris
1203 481 1280 542 omni
1304 489 1400 562 parte

239 588 458 662 dissimillimas,
476 594 607 661 ‘constat
639 587 715 648 inter
750 586 867 660 doctos,
905 585 936 645 in
967 583 1122 644 Germania
1160 590 1276 657 nostra,
1313 601 1400 662 quae

240 693 396 756 domestica
420 689 499 750 bella
534 696 562 750 et
596 687 756 769 principum
783 689 945 768 ducumque
980 703 1098 747 snorum
1125 691 1211 764 gesto
1238 685 1294 746 iam
1322 694 1400 747 ante

240 795 373 856 Tacitum
403 790 583 854 Carminibus
612 789 826 864 celebraverat,
851 789 917 851 ,bas
944 788 1084 868 primitias
1113 785 1194 848 rudis
1232 786 1347 865 ingenii
1374 806 1401 847 a

241 898 349 962 Garolo
370 897 412 958 M.
430 891 548 955 tandem·
557 891 697 962 collectas
712 909 777 954 esse
796 901 826 954 et
843 893 925 952 libris
941 889 1109 963 mandatas3
1137 889 1262 967 itemque
1272 889 1398 950 *Arabes

240 1016 299 1061 nou
321 1003 388 1058 ante
411 995 473 1059 Vll.
508 1011 584 1056 saec.
613 993 787 1056 inconditam
815 993 919 1074 poesin
943 993 1073 1074 priorum
1100 999 1227 1054 aetatum
1253 992 1400 1054 memoria

240 1105 434 1183 propagatam
448 1097 668 1160 collectionibus
681 1095 844 1176 (Decumo)
859 1093 1102 1176 comprehendere
1117 1094 1263 1174 coepisse,
1280 1093 1400 1174 ipsum·-

243 1221 300 1285 quc
321 1201 467 1266 Coranum
497 1199 665 1261 diuersitate
692 1199 849 1279 primorum
875 1205 1004 1262 texmnrn
1031 1197 1150 1259 similem
1175 1195 1300 1257 Homero
1328 1194 1400 1257 for-

181 1358 186 1368 .
242 1317 341 1368 tunam
368 1304 467 1366 lateri.
522 1301 645 1364 Praeter
681 1302 742 1364 hos
766 1311 796 1364 et
825 1303 901 1365 alios
935 1299 1061 1381 populos
1092 1297 1279 1380 comparendi
1307 1305 1398 1360 munt

242 1408 383 1482 Hebraei,
407 1404 486 1487 apud
509 1423 582 1484 quos
603 1405 764 1468 litterarum
786 1414 815 1467 et
830 1401 1049 1467 scribendorum
1070 1401 1215 1462 librorum·
1232 1418 1303 1460 ursus
1323 1400 1398 1460 milri

243 1509 358 1591 quidem
384 1507 463 1568 baud
491 1505 593 1585 paullo
624 1507 769 1567 recentior
798 1506 926 1579 ridetur,
964 1503 1169 1585 quamrrulgo
1197 1511 1329 1584 putatur,
1365 1511 1403 1565 et

243 1613 335 1674 minus
357 1610 431 1672 adeo
455 1607 612 1688 genuinum
641 1624 747 1688 corpus
773 1608 963 1689 scriptorum,
993 1607 1167 1696 praesertim
1188 1605 1395 1686 andquornm.

244 1709 315 1798 Sed·
330 1712 365 1774 de
384 1712 429 1774 bis
452 1719 481 1772 et
503 1710 637 1773 Arabicis
665 1708 724 1770 illis
747 1709 966 1774 collectionibus
986 1708 1112 1771 uiderint
1137 1709 1264 1772 bomines
1287 1710 1395 1772 eruditi

212 1799 216 1806 ’
242 1815 345 1877 litteris
370 1811 505 1875 Orientis.
577 1850 579 1856 .
1043 1878 1047 1882 ,
1140 1855 1142 1860 .
1209 1873 1211 1877 ,

344 1913 391 1978 Ad
420 1915 547 1978 Graecos
583 1915 761 1976 revertimur.
786 1941 804 1972 ,·
820 1912 877 1989 Qui
904 1919 1095 1994 posteaquam
1121 1910 1275 1976 Homerum
1310 1933 1394 1975 sunm

228 2019 440 2098 collegerant,
463 2029 605 2099 perquam
627 2014 781 2080 uerisimile
806 2022 867 2089 est,
900 2029 951 2078 eos
973 2013 1093 2088 eandem
1115 2030 1218 2081 mrem
1235 2015 1331 2076 statim
1345 2015 1394 2078 ad

245 2121 360 2202 reliqua
379 2104 595 2202 praestantiora
615 2119 752 2181 Carmina
771 2101 906 2200 supparis
920 2118 985 2180 aeri
1005 2115 1179 2178 maduisse.
1202 2149 1205 2156 ·
1224 2117 1290 2194 Qua
1309 2119 1339 2178 in
1360 2137 1394 2182 re

178 2236 228 2292 157
247 2223 379 2311 equidem
400 2223 492 2282 minus
513 2223 603 2282 miror
630 2221 772 2282 silentium
797 2219 986 2300 antiquitatis.
1034 2218 1107 2281 llam
1133 2220 1223 2282 semel
1241 2223 1394 2302 proposito

246 2321 377 2404 exemplo
403 2339 495 2404 opera
517 2323 655 2400 istenon
682 2324 775 2404 potuit
797 2321 950 2384 admodum
978 2321 1101 2384 dttolis
1125 2340 1206 2396 esset
1243 2340 1337 2402 neque
1364 2325 1395 2386 in

246 2427 307 2490 alio
330 2425 392 2488 ullo
417 2424 550 2487 Carmine
578 2433 636 2486 tam
662 2425 847 2487 artificiosam
877 2425 1231 2506 succuramquuestmn
1256 2424 1393 2488 mdernus.

246 2530 348 2610 ltaque
369 2535 423 2590 neo
444 2529 547 2590 ceteris
570 2528 709 2608 reliquiis·
722 2526 883 2589 Homericis
904 2545 958 2589 nec
977 2527 1143 2590 Hesiodiois
1166 2526 1334 2601 defuerunt,
1363 2537 1395 2590 ut

245 2633 365 2714 opinor,
403 2623 649 2708 διασκευασταί,
690 2631 740 2712 qui
773 2629 939 2709 singulares
977 2629 1151 2710 rhapsodias
1181 2639 1393 2706 connecterent,

244 2735 306 2797 sire
329 2751 395 2808 eas,
428 2752 504 2814 quae
526 2737 563 2796 ab
583 2736 655 2817 ipsis
679 2732 846 2796 auctoribus
870 2730 913 2793 ad'
932 2732 1053 2793 eandem
1074 2732 1196 2794 formam
1216 2733 1393 2812 compositae

244 2844 341 2909 erant,
370 2851 428 2896 uno
456 2836 601 2898 volumine
631 2834 909 2915 complecterentur,
944 2841 975 2895 ut
1006 2827 1213 2913 Καταλόγους
1238 2837 1393 2915 γυναικῶν

244 2935 291 2998 rel
308 2926 423 3006 Ἠοίας
443 2925 594 3016 procidas.
639 2921 776 3017 Idemque
798 2955 857 2998 non
881 2935 969 2997 multo
992 2945 1059 3016 post
1073 2936 1270 2998 Pisistratidas
1285 2938 1391 3000 iactum

244 3037 377 3119 suspicor
405 3036 436 3095 in
459 3019 574 3117 cyclicis
605 3049 633 3100 et
663 3039 728 3100 aliis
758 3039 853 3100 mulda
884 3038 1081 3114 Carminibus,
1111 3057 1203 3120 quae,
1231 3041 1318 3103 bodie
1341 3044 1392 3104 rix

240 3140 355 3202 nomine
382 3146 466 3213 nota,
492 3127 551 3202 uon
581 3141 780 3220 pervenissent
810 3141 848 3204 ad
878 3139 1025 3204 saeculnm
1053 3140 1302 3218 Ptolemaeorum,
1335 3145 1391 3206 nisi

241 3251 300 3308 tum
322 3244 359 3304 ab
380 3242 498 3304 interitu
518 3243 566 3306 rel
587 3245 669 3307 nous
692 3243 1004 3326 corruptelis‘serrata
1026 3253 1130 3308 essent

342 3345 389 3407 Ex
412 3344 512 3407 eadem
531 3353 627 3408 aetate
643 3346 956 3427 deniquerepetendae
975 3346 1108 3409 ridentur
1125 3347 1250 3430 plurium
1272 3365 1392 3430 operum

192 3447 197 3457 “
241 3449 335 3514 falsae
366 3447 585 3530 inscriptiones,
615 3468 718 3529 quum,
745 3447 886 3528 quidquid
913 3448 1041 3512 eiusdem
1066 3449 1129 3513 iere
1158 3453 1223 3514 soni
1251 3460 1279 3515 et
1299 3467 1392 3531 argu-

240 3552 327 3615 menti
346 3552 445 3622 esset,
460 3551 511 3608 uni
533 3553 646 3612 arrctori
666 3552 857 3625 tribueretur,
885 3551 1010 3614 Homero
1031 3553 1062 3613 in
1081 3553 1180 3634 primis
1204 3561 1233 3616 et
1251 3553 1391 3629 Hesiodo,

241 3653 292 3734 qni
311 3651 430 3730 fulgore
451 3650 591 3712 claritatis
619 3659 874 3714 suae'ceterorurn
895 3652 1048 3716 luminibus
1076 3655 1243 3718 offecerant.
1288 3654 1391 3730 Quat

240 3754 319 3837 quod
342 3751 485 3816 interdum
505 3753 590 3815 etiam
608 3756 794 3817 maximarum
817 3773 913 3817 rerum
937 3745 1103 3820 diuersitate
1127 3758 1199 3821 nibil
1221 3758 1392 3821 mouebatur

239 3859 359 3939 antiqua
381 3853 549 3918 credulitas.
590 3857 636 3920 Ita
658 3859 773 3920 tandem
798 3855 963 3927 Herodotus
990 3859 1098 3940 primus
1122 3866 1165 3922 est
1187 3868 1307 3923 conatos
1331 3859 1392 3922 dno

240 3959 375 4022 Carmina
394 3957 504 4021 lucilia
526 3957 679 4023 Homerica
700 3978 892 4034 summovere,
914 3959 1023 4041 Cypria
1044 3971 1073 4023 et
1090 3959 1241 4046 Epigonos
1258 3954 1316 4040 ²⁹),
1338 3961 1393 4024 alii

274 4211 325 4280 19)Ι
339 4209 379 4277 ll,
399 4221 458 4270 117.
493 4210 614 4267 Alterum
630 4213 717 4267 locum
733 4213 889 4268 dubitanter
903 4211 989 4279 addo,
1010 4209 1062 4278 tv,
1081 4217 1141 4279 32,
1161 4213 1207 4266 nbi
1225 4209 1288 4266 mibi
1302 4213 1394 4264 inter-

343 4293 402 4349 durn
421 4299 495 4352 visus
514 4312 571 4352 sum
590 4299 617 4351 in
637 4294 680 4352 bis
699 4299 806 4364 tarbis,
826 4295 884 4350 ἀλλ’
907 4295 1034 4368 Ἡσιόδῳ
1054 4317 1078 4351 κ.
1099 4317 1122 4384 a.
1143 4302 1167 4354 t.
1186 4298 1394 4352 annotationem
