2976 4900
214 337 279 408 124
597 327 972 446 recludentibus.

213 524 355 590 contenit.
406 523 483 586 hnte
513 521 589 584 euim
615 539 709 602 quam-
727 519 831 599 lingua
862 517 901 582 ad
927 519 1114 584 subhiitatem
1141 529 1365 606 praeceptorum

212 627 356 696 curiosius
370 625 506 689 reuocari
524 630 727 706 coeptaerqt,
748 623 834 685 etiam
854 623 1010 703 ingeniose
1030 622 1091 684 lehi
1113 623 1194 687 licuit
1214 633 1243 688 et
1260 627 1364 690 inccn-

212 729 300 794 stanti
321 745 387 791 esse
407 728 437 789 in
459 727 515 790 hcc
536 744 661 807 genere,
692 726 771 807 quod
793 725 913 804 ingenio
935 725 1027 785 minus
1050 741 1136 804 qnam
1156 737 1219 790 arte
1240 731 1364 809 regitur.

210 833 280 916 lpsa
309 849 379 894 uero
402 849 450 893 ars
479 848 565 911 quam
593 830 707 922 exiguis
734 830 765 890 iu
795 829 883 890 rebus
912 827 1015 888 titubet
1044 841 1158 890 cunum
1185 830 1364 909 ingrediens,
1474 897 1475 900 ,

211 953 356 1018 quamque
384 934 411 995 ei
441 944 563 1018 pronum
587 933 645 1007 sit,
662 933 738 994 ,dum
765 933 841 994 iuter
870 928 1104 992 cousuetudinem
1132 933 1304 1014 scriptorum
1334 946 1364 999 ct

210 1037 369 1118 legitimam
400 1037 541 1098 rationem
569 1034 728 1098 diiudicare
754 1035 863 1110 studet,
901 1033 950 1120 ab!
966 1040 1091 1113 unaque
1124 1050 1225 1098 norma
1253 1036 1364 1119 impru-

211 1141 313 1204 denter
333 1141 488 1213 aberrare,
515 1139 622 1201 nemini
645 1135 820 1216 intelligenti
843 1135 997 1197 obscurum
1019 1150 1084 1197 esse
1103 1145 1226 1218 petesh-
1257 1140 1363 1222 ltaque
1474 1219 1475 1228 ἵ

210 1245 329 1306 inerunt
349 1242 492 1304 interdum
513 1243 633 1317 eruditi,
657 1241 707 1322 qni
727 1229 902 1315 Varronem,
932 1246 961 1300 ct
991 1239 1088 1319 siqui
1112 1239 1196 1302 huius
1220 1245 1362 1324 aequales

210 1347 248 1410 de
279 1346 376 1408 causis
410 1347 549 1407 sermonis
576 1344 674 1406 Latini
708 1343 880 1422 anquirunt,
919 1343 1099 1425 contemptim
1133 1345 1287 1409 invitarent
1321 1351 1361 1412 ad

210 1449 326 1512 scholas
346 1465 430 1522 suas,
455 1455 486 1509 ut
499 1465 574 1528 quiae
587 1446 654 1508 clim
669 1445 779 1506 frustra
795 1444 1019 1525 quaesivissent,
1038 1444 1174 1509 facillime
1195 1454 1225 1510 et
1238 1467 1362 1514 accura-

209 1552 317 1616 tissime
349 1550 500 1614 discerent.
556 1550 591 1612 ln
619 1547 776 1631 primisque
808 1565 897 1629 saepe
923 1549 1019 1630 periti
1039 1547 1159 1629 linguae
1184 1549 1361 1632 llehraieae,

210 1655 291 1718 cuins
305 1661 399 1716 tamen
414 1653 582 1734 quantillum
593 1660 705 1735 partem
722 1651 962 1732 complectantur,
987 1650 1112 1714 uiderint
1132 1653 1203 1736 ipsi,
1227 1655 1362 1722 deridere

210 1738 305 1823 solent
326 1757 476 1821 Philonem
495 1755 648 1827 Iudaeum,
671 1753 841 1832 Origenem,
868 1754 1086 1835 Hieronymum,
1099 1765 1214 1846 xutpote
1236 1777 1361 1839 quorum

140 1876 192 1932 occ
210 1861 340 1940 cognitio
360 1859 489 1921 florentis
511 1857 605 1919 adhuc
617 1856 738 1935 liuguae
760 1853 850 1935 louge
865 1866 984 1922 remota
996 1867 1061 1922 erat
1079 1861 1116 1922 ab
1140 1877 1176 1923 ee
1189 1861 1358 1938 subtilitate,

208 1981 294 2044 quam
317 1961 463 2043 professio
486 1959 668 2021 Grammatici
689 1959 822 2038 exigeret
836 1953 891 2038 ⁷⁴).

307 2066 404 2146 Atque
430 2064 473 2126 'ad
503 2063 578 2125 banc
606 2069 729 2124 aetatem
757 2061 888 2125 Graecae
924 2063 1044 2144 liuguae
1072 2064 1284 2147 retorquendus
1313 2077 1359 2130 est

207 2169 317 2232 animus
340 2175 455 2244 noster,
480 2173 512 2228 nt
532 2166 568 2227 de
587 2165 687 2247 primis
705 2165 777 2226 artis
800 2165 966 2226 auctoribus
980 2176 1060 2232 recte
1082 2175 1111 2228 et
1134 2185 1196 2229 cum
1209 2171 1359 2252 aequitate

206 2249 375 2332 iudicemus.
417 2268 503 2349 Ipsae
530 2268 645 2350 quidem
667 2267 812 2329 Zenodoti
840 2268 1001 2350 scripturae
1031 2269 1185 2348 diligenter
1214 2290 1359 2336 cxmssac

206 2353 358 2436 neumate
390 2371 560 2445 ostendunt,
593 2357 699 2434 mulms
740 2371 959 2434 obseruationes
996 2380 1024 2434 et
1058 2371 1177 2452 regulas
1214 2378 1357 2438 sermonis

206 2483 335 2557 tempore
365 2473 446 2536 illius
483 2472 610 2536 noudum
641 2475 821 2549 constitisse,
856 2487 928 2556 quas
967 2491 1044 2536 nnnc
1077 2474 1155 2538 docti
1188 2477 1358 2560 indoctique

205 2576 297 2657 uulgo
321 2576 475 2656 sequimur.
525 2574 564 2638 Ut
588 2575 624 2638 dc
647 2575 781 2639 dualibus
800 2595 859 2639 non
880 2579 1022 2660 ponendis
1048 2581 1111 2643 uice
1132 2579 1288 2660 pluralium
1301 2577 1358 2662 ⁷⁵),

131 2693 189 2750 'sot
207 2681 244 2744 dc
262 2657 415 2744 llcmericc
436 2697 492 2740 usn
513 2680 628 2742 articuli
643 2673 704 2758 76),
727 2679 763 2742 dc
785 2683 977 2762 potestatibus
996 2665 1121 2764 plurium
1138 2683 1357 2761 uocabulorum,

184 2967 186 2971 ’
237 2935 287 3023 7'4)
309 2953 357 3008 Cui
380 2955 489 3022 ignotus
514 2954 555 3004 est
578 2949 736 3020 Scioppius,
768 2954 914 3014 cloacinam
943 2956 1149 3009 ornmmnttcnm
1174 2953 1355 3014 Romanorum

306 3038 406 3106 ubique
425 3033 560 3103 crepans?
595 3031 651 3087 Nec
667 3035 754 3090 leuius
773 3035 826 3090 los.
845 3037 969 3108 Scaliger
985 3041 1095 3106 questus
1113 3042 1139 3091 et
1154 3039 1200 3093 alii
1215 3039 1248 3094 de
1261 3044 1354 3098 ineru-

306 3120 374 3176 ditis.
393 3121 456 3176 olim
481 3117 577 3172 studiis
606 3118 715 3188 liuguae
741 3119 898 3176 hebreicae.
943 3120 1043 3176 eontra
1067 3135 1134 3192 qnos
1160 3109 1280 3180 breuiter
1305 3129 1355 3184 sed

307 3203 506 3262 accommodate
538 3201 572 3256 ad
607 3201 675 3257 bunc
704 3205 790 3260 locum
821 3211 941 3263 nostrum
974 3204 1093 3276 disputat
1118 3205 1225 3272 Ernest.
1253 3209 1352 3280 Opuse.

305 3291 397 3362 philol
418 3309 445 3362 p.
462 3293 522 3347 296.
541 3304 600 3359 sqq.
1224 3289 1226 3294 ’

236 3389 286 3461 75)
304 3389 372 3448 Vide
390 3389 425 3445 ad
446 3409 473 3460 y.
493 3392 554 3447 279.
570 3390 633 3446 459.
649 3385 698 3441 ubi
713 3386 743 3442 Z.
761 3387 898 3444 scribebat
914 3385 1100 3446 ἀποτίνετον.
1139 3390 1222 3460 (ch.
1247 3389 1352 3446 ἀποτι-

305 3493 377 3530 νετε.
413 3474 468 3528 Sed
485 3477 571 3528 tatius
591 3479 633 3527 est
651 3471 747 3526 menda
765 3470 933 3533 scholiorum
953 3479 1034 3530 tacite
1053 3476 1216 3547 corrigere.)
1235 3480 1272 3540 t.
1291 3486 1351 3535 tte.

303 3562 329 3612 l.
346 3561 406 3614 alo.
441 3577 467 3616 ν.
483 3563 544 3618 627.
582 3577 607 3610 ο.
627 3559 687 3613 atr.
725 3571 750 3610 σ.
773 3561 833 3614 287.
871 3569 903 3628 ψ.
928 3565 989 3618 753.
1015 3559 1076 3626 add.
1114 3579 1144 3615 ω.
1166 3567 1228 3620 282.
1251 3562 1299 3616 ubi
1323 3567 1352 3618 in

232 3685 237 3692 .
303 3641 459 3696 societatem
483 3641 562 3696 huius
588 3644 690 3696 erroris
715 3641 882 3699 adducuntur
901 3642 995 3700 Grates
1013 3650 1041 3700 et
1060 3643 1268 3715 Eratosthenes,
1295 3652 1351 3704 θέ-

303 3728 401 3786 λοντες
427 3732 597 3797 συγχεῖσθαι
622 3725 657 3781 τὰ
682 3725 764 3781 datad
791 3726 858 3802 παρ’
888 3726 1009 3802 Ὁμήρῳ.
1052 3730 1091 3785 hc
1113 3731 1204 3802 plures
1231 3734 1351 3790 anobis

304 3810 367 3865 eddi
393 3818 626 3882 possentpcetae
648 3810 847 3882 Alexandrinae
877 3815 904 3868 et
926 3817 1108 3885 posteriorum
1141 3824 1271 3882 aetatum,
1303 3823 1352 3890 qui

301 3896 377 3954 illam
394 3898 595 3964 contusionem,
622 3914 700 3968 quem
719 3905 745 3954 et
762 3903 816 3970 ipsi
834 3898 1022 3973 imitabantur,
1047 3902 1075 3954 in
1092 3899 1208 3958 llcmcrc
1230 3901 1351 3958 lomense

301 3982 336 4037 ad
353 3987 512 4054 exquisitam
531 3999 680 4040 sermonem
698 3985 755 4038 sive
773 3983 809 4040 ad
827 3983 961 4038 licentiam
981 3987 1042 4040 aeri
1063 3983 1172 4041 ἀοιδῶν
1190 3987 1349 4041 retulerunt

232 4081 281 4151 76)
298 4082 431 4137 decorata
452 4090 547 4138 nostra
565 4084 721 4154 praeceptio
739 4080 773 4136 de
793 4081 844 4135 hae
863 4096 907 4146 re,
934 4085 1003 4137 sicut
1021 4086 1076 4139 alia
1093 4085 1244 4141 huiusmodi
1261 4087 1349 4157 pluri-

302 4181 359 4232 ma,
377 4167 528 4224 Aristarchi
548 4173 603 4231 est,
629 4171 675 4238 qui
692 4168 796 4230 docuit,
814 4165 955 4221 llomerum
975 4167 1106 4237 συνήθως
1122 4163 1267 4227 ’ἐλλείπειν
1284 4178 1349 4233 τοῖς

302 4248 432 4323 ἄρθροις.
482 4251 514 4306 V.
535 4250 661 4321 Apellen.
683 4252 758 4306 Alex.
784 4253 817 4306 de
838 4252 912 4321 Syna
936 4251 956 4306 1.
979 4271 1005 4324 p.
1024 4257 1066 4315 ct.
1115 4254 1252 4313 Plutarch.
1277 4254 1348 4310 ersa

302 4333 418 4400 desert*
435 4351 460 4406 p.
483 4343 558 4392 ιοιο.
583 4335 615 4393 ll.
642 4340 669 4391 at
694 4339 792 4406 passim
817 4335 918 4393 Sabell.
971 4339 1111 4396 Zenodctc
1144 4343 1243 4410 tgttrr,
1274 4340 1349 4412 apud
