2944 4900
212 301 263 368 at
609 291 973 360 PROLEGOMENA.

219 489 259 556 ad
278 487 477 570 antiquitatem
498 485 589 568 ipsius
609 484 733 556 intend,
759 498 844 563 mam
865 479 905 544 ad
925 497 989 541 eum
1002 485 1124 543 aarum
1137 478 1292 561 temporis,
1316 495 1379 558 qna
1452 483 1453 506 ¹

220 589 323 655 notitia
343 589 405 652 eius
429 588 468 650 ad
489 587 616 650 Graecos
639 585 812 668 peruenerit.
855 581 938 644 Talis
952 583 1027 646 enim
1040 583 1150 647 intenti
1163 599 1257 662 uagum
1275 597 1379 644 rumor

220 691 299 756 band
328 693 414 754 dubie
442 688 520 770 apud
548 687 616 749 illus
637 685 800 768 praecurrit
826 693 981 749 accuratae
1007 685 1144 756 notitiae3
1179 686 1255 746 banc
1282 683 1378 762 longo

219 796 370 858 interiectu
395 794 490 873 spatio
512 789 626 852 rudium
654 807 787 852 manuum
809 787 980 864 imitamina,
1007 796 1095 868 atque
1123 789 1198 851 bueo
1229 797 1378 869 postrema
1453 785 1454 830 t

220 897 354 976 uulgaris
373 913 442 956 usus
465 901 493 956 et
515 894 689 975 conscriptio
711 893 851 955 librorum
872 899 973 952 secuta
994 898 1046 952 est.

771 1111 835 1193 XV.
854 1111 862 1124 ⁴

325 1307 379 1370 llic
398 1323 456 1368 non
478 1303 594 1377 dubito,
616 1301 690 1382 quio
704 1298 793 1363 lutari
807 1299 865 1360 aiut
876 1297 972 1372 multi,
995 1297 1154 1379 quitalipm
1167 1315 1380 1379 progressuum

224 1409 463 1491 significationem
489 1404 625 1468 subibis
651 1401 812 1467 numinibus
833 1403 942 1477 latere,
968 1419 1022 1465 nec
1042 1403 1153 1465 frustra
1179 1411 1222 1466 tot
1241 1412 1381 1466 auctores

224 1514 296 1576 artis
326 1509 472 1573 dilaudari
499 1509 690 1590 conspicentur.
738 1508 783 1568 Ac
812 1504 867 1567 tuit
895 1506 1025 1586 quidem,
1060 1525 1147 1588 quum
1173 1523 1230 1586 ego
1259 1525 1381 1587 quuqmc

225 1618 300 1680 banc
329 1614 650 1692 rabonemsequerer,
689 1617 718 1670 et
742 1607 852 1690 Orphei
878 1608 1053 1689 temporibus
1088 1607 1189 1672 saltem
1218 1611 1318 1676 titulos
1350 1619 1383 1672 et
1455 1584 1456 1666 ἶ

227 1719 436 1800 epigrammata
461 1714 629 1774 abiudicure
658 1729 717 1774 non
744 1711 890 1772 auderem.
947 1710 1154 1774 sollicitabant
1187 1730 1231 1774 me
1259 1721 1383 1792 praeter

225 1821 300 1884 alias
321 1835 426 1881 musas
448 1815 591 1896 quaedam
619 1816 779 1878 litterarum
804 1821 1002 1889 montumano,
1030 1831 1106 1893 quae
1129 1815 1295 1896 antiquiora
1317 1815 1383 1876 liu-
1408 1873 1411 1878 .

174 1933 209 1989 58
226 1939 305 1986 mero
332 1918 380 1984 uel
406 1919 475 1988 ubm
503 1919 664 1980 constitisse
692 1917 840 1992 demumr,
868 1916 916 1979 rel
943 1917 1043 1979 bodie'
1058 1917 1096 1978 ub
1125 1917 1245 2000 eruditis
1275 1916 1382 1998 cupide

223 2025 411 2108 perhibentur
426 2015 480 2101 ²¹).
524 2013 630 2085 Verum
651 2021 688 2082 ab
702 2025 738 2082 e'a
757 2021 904 2104 uiaplune
918 2037 962 2080 me
975 2019 1240 2102 auerternutplpra
1253 2020 1384 2099 uestigia
1456 2016 1457 2108 1

223 2129 379 2199 historica,
399 2141 556 2204 earumque
575 2141 690 2197 rerum,
713 2125 818 2204 pnibns
841 2119 924 2186 istius
941 2123 1044 2184 aeteus
1058 2122 1152 2184 uultus
1166 2123 1381 2196 continebatur,

225 2239 254 2293 et
274 2231 402 2310 ipsorum
431 2225 546 2288 illorum
576 2233 821 2288 monumentorum
851 2226 969 2288 curiosa
1000 2232 1028 2285 et
1056 2226 1168 2288 subtilis
1196 2223 1382 2290 existimatio.

224 2333 326 2412 laque
348 2346 450 2400 maneo
471 2327 501 2388 in
522 2343 558 2387 ea
579 2329 735 2401 sententia,
758 2337 803 2401 ut,
825 2327 937 2389 edumei
955 2329 1013 2390 ista
1034 2329 1129 2390 omnia
1143 2335 1273 2412 tempure
1291 2347 1383 2411 prac-

226 2435 330 2499 uedunt
352 2423 521 2502 Homerum,
543 2427 632 2505 (melu
655 2429 729 2489 enim
749 2428 821 2490 illud
836 2447 911 2499 nunu
931 2431 961 2492 iu
973 2429 1067 2493 medio
1088 2431 1270 2516 relinquere,
1291 2448 1382 2511 quarn

183 2576 185 2586 ·
214 2539 378 2602 'delectere
407 2533 443 2596 de
475 2549 563 2592 crusu
591 2525 686 2612 meu),
721 2541 816 2594 tamen
840 2531 907 2595 iude
938 2533 1009 2595 nibil
1033 2543 1168 2598 constare
1197 2534 1233 2596 de
1255 2532 1382 2611 uulgato
1457 2589 1458 2622 3

224 2661 281 2706 usn
312 2633 383 2703 ortis
410 2643 518 2720 putem.
569 2633 644 2696 Nam
671 2642 810 2717 superato
839 2651 966 2718 operoso
995 2637 1115 2712 labora,
1142 2646 1174 2698 ut
1200 2635 1382 2722 peregrinae

224 2753 312 2808 uotae
338 2740 441 2824 patriis
471 2737 552 2800 sonis
573 2745 756 2818 aptarentur,
785 2755 937 2820 nonaeque
966 2741 1157 2802 subderentur
1178 2739 1327 2804 toeelibua
1352 2745 1383 2802 et

224 2850 260 2910 iis
280 2847 401 2918 litteris,
422 2841 527 2923 quibus
549 2835 723 2904 l‘boeilicum
743 2843 887 2923 scriptura
908 2843 1064 2904 caruisset:
1092 2861 1149 2923 quo
1171 2843 1289 2922 negotiu
1311 2860 1384 2923 per-

224 2950 301 3011 fecto
325 2947 435 3008 demum
456 2961 503 3004 res
523 2943 563 3021 ad
583 2943 786 3025 inscriptiones
804 2944 932 3026 lapidum
950 2945 1086 3008 similisve
1106 2947 1245 3008 materiae
1264 2943 1384 3006 traduci

224 3049 333 3134 putuit:
363 3055 558 3109 verumtamen
575 3054 606 3107 ut
627 3045 680 3108 illa
693 3047 893 3112 meditamenta
913 3049 971 3110 ianr
990 3049 1087 3110 lliacis
1110 3048 1285 3129 temporibus
1305 3049 1383 3108 satis

224 3153 355 3239 perlecta
376 3149 498 3222 luerint,
519 3147 639 3229 longum
657 3149 723 3212 binc
747 3158 775 3212 et
797 3151 892 3213 miultis
915 3152 1005 3214 modis
1021 3151 1182 3232 impeditum
1204 3151 1260 3212 iter
1283 3157 1383 3210 restu-

223 3257 290 3329 bat,
329 3253 422 3316 donec
455 3259 545 3314 artem
573 3252 718 3315 labilibus
737 3254 940 3320 instrumentis
976 3264 1071 3336 aptam
1107 3253 1211 3316 cultior
1239 3250 1383 3313 doctrinis

222 3357 349 3444 pupulus
371 3356 409 3418 ad
427 3356 556 3419 brerium
574 3358 765 3440 paginarum,
787 3366 844 3419 tum
865 3358 902 3420 ad
916 3357 1020 3418 iustam
1034 3356 1174 3420 librorum
1194 3353 1383 3436 scriptionem

224 3461 383 3523 adhiberet.
511 3536 515 3544 μ

325 3559 433 3624 Tribus
450 3557 550 3654 ‘uerbis
571 3557 711 3632 indicaui,
736 3578 828 3639 purae,
851 3569 882 3621 ut
903 3569 962 3622 tum
982 3568 1113 3642 tempora
1135 3564 1232 3630 eraut,
1253 3556 1383 3620 forsitan

223 3681 276 3724 sex
299 3660 423 3724 saeculis
445 3677 504 3722 non
525 3661 672 3742 potuerint
700 3663 737 3724 ad
760 3661 890 3726 effectum
915 3663 1024 3725 uenire.
1075 3661 1133 3723 Diu
1160 3658 1236 3726 euim
1260 3659 1383 3721 illorum

172 3776 206 3831 59
223 3766 367 3828 bominum
388 3765 448 3829 uita
476 3771 504 3824 et
526 3763 693 3844 simplicitas
717 3765 788 3830 nibil
808 3765 961 3832 admodum
982 3766 1099 3841 babuit,
1129 3762 1214 3846 quod
1232 3762 1383 3844 scriptura

227 3945 543 3965 ..W-m.

261 4063 307 4123 21)
323 4055 364 4112 De
383 4057 425 4112 hls
445 4061 513 4112 satis
536 4055 617 4112 inurit
638 4062 777 4114 nominare
794 4073 873 4114 uuum
893 4056 1093 4111 celeberrimam
1113 4057 1316 4127 inscriptionem
1344 4075 1382 4114 ex

326 4142 477 4214 Amyclaeis
496 4157 512 4197 a
531 4143 706 4200 Fuurmoutio
723 4147 854 4214 repertis:
890 4141 922 4196 de
942 4140 996 4194 illis
1017 4139 1116 4210 Tinesoi
1136 4135 1221 4196 stelen
1241 4140 1380 4210 lapideam

306 4226 367 4296 'ap
391 4227 524 4283 bemustb.
552 4246 573 4284 c.
602 4229 700 4288 Neaer.
726 4244 751 4297 p.
776 4233 837 4285 873.
861 4223 909 4305 Dr,
934 4227 1020 4294 ipsius
1037 4223 1139 4279 'cadmi
1163 4225 1303 4279 denarium
1332 4241 1381 4296 ap.

325 4305 403 4364 Diod.
423 4311 463 4376 V,
484 4317 545 4380 ta,
565 4329 676 4370 aeneam
696 4312 814 4370 tabulam
834 4325 878 4380 ap.
897 4306 967 4364 Pliu.
988 4307 1054 4375 vlt,
1073 4313 1115 4369 58.
1137 4315 1187 4364 etc.
1207 4315 1259 4363 ete.
