2944 4900
191 1382 462 1483 PRAEFATIO
492 1383 736 1480 lllllllthlS
768 1383 1034 1482 succinti.
1129 1427 1134 1437 ·
1200 1437 1204 1444 ·

510 1701 710 1708 ..a-„m-

57 1933 217 2051 Friederici
248 1986 382 2069 Augusti
413 1983 517 2051 Wolfii
551 1983 783 2070 Prolegomena
810 1987 851 2052 arl
878 1987 1044 2056 Homerum
1075 1996 1184 2058 iterum

59 2148 104 2195 nos
131 2129 301 2198 litterarum
327 2131 437 2198 formis
466 2131 669 2218 exprimenda
692 2136 856 2198 curavisse
877 2155 966 2201 nemo
991 2157 1185 2232 magnopore

3 2335 4 2362 3
59 2279 210 2361 mirabitur,
251 2281 305 2366 qui
334 2278 415 2343 hunc
437 2275 551 2344 librum
575 2278 668 2346 hodie
689 2278 901 2346 uehementius
924 2285 1042 2369 requiri
1067 2305 1185 2370 cogno-

3 2447 4 2488 t
60 2429 128 2492 verit.
173 2429 369 2496 Acerrimam
402 2428 483 2491 enim
514 2445 620 2492 curam
645 2425 902 2514 diligentiamque
926 2428 1092 2497 Homerica
1109 2453 1187 2512 car-

3 2543 4 2560 ἢ
60 2573 126 2640 nina
150 2575 341 2643 desiderant.
395 2573 459 2640 lam
486 2593 564 2639 vero
596 2593 663 2638 cum
695 2594 796 2660 nuper
817 2576 969 2641 natalicia
996 2581 1103 2644 summi
1127 2582 1187 2646 uiri

59 2723 217 2790 saecularia
247 2746 267 2790 a
295 2720 487 2789 nostratibus
516 2718 755 2784 celebrarentur
788 2731 817 2784 et
842 2709 1037 2806 'amplissima
1067 2717 1134 2790 eius
1156 2729 1188 2790 in

58 2865 232 2955 philologica
263 2867 368 2936 studia
396 2870 507 2934 merita
536 2865 766 2944 recolerentur,
805 2868 938 2932 omnium
969 2870 1053 2935 oculi
1083 2871 1123 2938 arl
1149 2895 1188 2940 ea

58 2991 226 3096 potissimum
259 3017 376 3102 scripta
408 3015 540 3083 coniecti
573 3025 658 3091 sunt,
694 3014 804 3100 quibus
828 3018 972 3102 princeps
995 3019 1189 3105 philologiae

59 3158 126 3227 inter
144 3163 317 3231 Germanos
349 3172 378 3228 et
411 3171 507 3228 artem
538 3159 624 3226 illam
657 3161 783 3226 mirifice
816 3165 901 3227 auxit
933 3174 962 3229 ot
991 3165 1192 3252 amplificavit

60 3315 82 3368 et
105 3311 232 3376 nominis
269 3313 317 3374 sui
348 3318 507 3374 aeternam
530 3305 663 3391 gloriam
688 3312 778 3395 cepit.
833 3307 866 3372 ln
890 3307 1065 3375 Homericis
1091 3320 1192 3376 autem

58 3456 232 3522 carminibus
257 3455 311 3523 ille
333 3477 390 3544 per
410 3474 528 3522 omnem
552 3440 685 3522 aetatem
711 3453 870 3542 plurimum
897 3466 927 3521 et
949 3454 1042 3522 studii
1068 3469 1097 3523 et
1118 3469 1194 3524 tem-

59 3602 131 3681 poris
156 3607 262 3690 posuit
291 3623 329 3670 ac
358 3622 438 3689 quae
470 3597 658 3667 adulescens
685 3599 724 3666 rle
752 3623 858 3670 eorum
879 3607 1002 3688 origine
1024 3605 1195 3672 divinando

60 3741 117 3812 lere
139 3754 314 3838 suspicatus
335 3759 418 3826 erat,
442 3768 480 3813 ea
498 3756 569 3834 post
592 3747 715 3815 scholia
738 3749 858 3816 Veneta
881 3749 1091 3818 aVilloisone
1115 3753 1197 3818 edita

62 3891 135 3961 clare
169 3907 336 3984 perspecta
370 3915 404 3960 re
433 3894 545 3960 eximio
576 3895 789 3980 investigandi
816 3900 959 3963 acumine
988 3909 1017 3963 et
1045 3896 1198 3981 singulari

63 4041 183 4121 quadam
214 4040 385 4108 subtilitate
415 4039 593 4105 disserendi
624 4039 849 4140 demonstravit
879 4043 927 4109 his
952 4041 1200 4126 Prolcgomenis‚

64 4206 181 4268 quorum
214 4193 342 4276 primum
376 4198 406 4254 et
436 4189 558 4253 unicum
585 4185 744 4265 volumen,
782 4189 915 4255 ‹liunturni
942 4188 1063 4254 laboris
1093 4209 1200 4253 monn-

63 4348 203 4418 utentum,
237 4330 320 4408 annno
350 4335 653 4404 MDCCLXXXXV.
683 4336 790 4402 edidit.
845 4337 986 4416 Quantos
1016 4358 1055 4403 ea
1076 4338 1203 4424 plausus
