2976 4900
542 285 545 290 '
603 357 973 430 recensoribus.

743 548 837 630 liiii.
924 628 925 636 a

317 748 419 812 Redeo
449 746 487 808 ad
514 745 593 806 daos
621 740 739 812 doctos,
778 737 829 816 qui
857 732 950 796 mino
979 731 1078 793 uiuum
1107 726 1138 786 in
1165 724 1372 808 superstitibus

221 855 411 938 scriptoribus
431 857 459 912 et
480 844 661 910 Scholiastis.
705 842 880 920 Quanquam
896 835 1085 918 plurimorum
1106 845 1143 892 ex
1162 827 1220 888 illis
1234 827 1373 908 precaria

221 959 282 1021 uita
301 964 353 1018 est.
398 954 465 1034 lpse
488 949 602 1031 paridem
622 946 740 1021 Zoilus,
761 939 958 1006 famosissimis
975 933 1083 998 fabulis
1099 921 1234 992 ludibrio·
1246 931 1373 993 omnium

222 1070 382 1142 temporum
403 1056 547 1128 obiectus,
570 1051 673 1131 quibus
695 1046 873 1129 potissimum
894 1043 925 1103 in
947 1041 1036 1102 rebus
1049 1035 1194 1098 allatrarit
1207 1032 1373 1108 Homerum,
1470 1099 1474 1122 d

223 1169 326 1248 parum
354 1150 531 1235 consorti).
587 1153 633 1215 lta
663 1147 885 1220 nonnullorum,
920 1145 970 1225 qui
1001 1140 1134 1204 uruntur
1165 1135 1216 1198 uui
1246 1137 1293 1196 rei·
1317 1153 1373 1196 seu

220 1263 365 1330 uocabulo
393 1265 499 1344 poetae
529 1263 619 1318 totam
644 1252 731 1326 uitam
753 1249 955 1330 insumpsisse,
988 1263 1025 1306 ne
1062 1243 1135 1304 baec
1170 1238 1284 1319 quidem
1312 1247 1374 1300 tana

157 1375 209 1430 193
225 1383 399 1432 aemmuoaa
434 1363 555 1424 iuuenta
590 1346 676 1440 plene
715 1361 853 1434 excerpta
879 1351 1002 1430 legimus
1016 1341 1079 1430 ⁰³):
1123 1342 1175 1408 alii
1206 1342 1282 1406 adeo
1311 1362 1374 1406 uua
1473 1401 1474 1410 ,

223 1489 317 1555 praua
340 1466 540 1545 correctione,
563 1459 614 1522 alii
634 1476 693 1520 uua
712 1456 963 1538 interpretatione,
986 1448 1037 1512 alii
1060 1454 1255 1510 nucamenta
1277 1448 1375 1522 istam,

226 1592 312 1657 quam
333 1571 473 1642 diximus,
493 1562 734 1626 immortalitatem
755 1552 853 1640 adepti
874 1543 1009 1632 suaith.
1034 1577 1037 1586 ¹
1123 1617 1126 1623 ,

222 1753 538 1778 ,,,,........---

259 1892 309 1960 62)
326 1888 357 1942 Si
372 1885 439 1940 nihil
458 1886 491 1942 de
509 1883 587 1940 Zoilo
608 1863 764 1950 superesset
788 1884 897 1947 praeter
922 1877 970 1930 illa
997 1872 1030 1927 ad
1057 1890 1082 1924 u.
1110 1872 1169 1927 129.
1193 1887 1214 1924 s.
1239 1872 1264 1926 4.
1286 1875 1328 1924 20.
1348 1887 1374 1920 κ.

329 1976 434 2032 aulfo.
453 1978 497 2026 22.
516 1974 542 2023 et
557 1966 631 2022 Eost.
651 1965 685 2020 ad
704 1962 798 2034 odyss.
817 1980 843 2033 p.
863 1965 956 2026 1614„
986 1961 1098 2012 inuisam
1120 1959 1145 2009 cl
1161 1957 1375 2025 poesiuomnsrn

298 2075 303 2078 ·
331 2058 550 2121 intercedimus,
579 2054 713 2123 planeque
731 2054 885 2120 ignoratam
907 2049 990 2119 prisci
1010 2047 1070 2097 aevi
1090 2043 1221 2104 rationem
1240 2037 1377 2094 sentiendi

330 2144 518 2217 loquendique.
554 2137 585 2192 lu
604 2153 657 2207 quo
674 2142 763 2190 tamem
781 2134 848 2188 nihil
868 2132 1008 2190 admodum
1030 2134 1138 2198 praeter
1152 2132 1259 2180 ceteros
1277 2137 1376 2194 pecea-

329 2226 396 2288 νὶίεΙ
420 2227 499 2282 modo
512 2223 620 2278 rabiem
644 2220 781 2274 addidisse
806 2220 914 2274 ridetur
940 2217 1088 2287 proiectam
1113 2211 1147 2264 ab
1174 2209 1323 2264 acerbitate
1349 2213 1377 2262 et

329 2317 465 2384 pravitate
492 2311 584 2363 animi.
631 2305 736 2359 Similia
769 2305 824 2359 illis
856 2319 939 2376 saepe
973 2302 1048 2356 multi
1074 2288 1175 2351 uostris
1206 2294 1377 2365 temporibus

330 2399 461 2454 adversus
480 2395 540 2450 Vct.
558 2391 632 2447 Test.
651 2393 819 2460 scripserunt
840 2393 953 2461 impune.
990 2388 1111 2442 (letarum
1130 2381 1267 2436 Zoilorum
1287 2379 1377 2442 histo·
1473 2455 1474 2468 ρ

330 2488 389 2550 ria,
422 2485 501 2536 etiam
515 2482 597 2548 post.
611 2475 796 2548 llardieuem,
821 2491 876 2529 uon
899 2477 994 2546 paucis
1018 2467 1220 2552 difficultatibus
1245 2466 1377 2536 impedita

331 2575 381 2626 est.
417 2565 470 2621 Sed
489 2563 679 2619 celeberrimus
700 2577 791 2616 eorum
809 2560 879 2627 baud
899 2562 979 2616 dubie
996 2561 1089 2613 rimor
1107 2556 1171 2617 tuit,
1190 2567 1267 2622 quam
1284 2557 1378 2606 tamen

330 2653 377 2723 ubi
399 2650 501 2706 Strabo
526 2647 645 2719 appellat
669 2643 714 2700 Vl·
742 2663 767 2716 p.
792 2653 853 2701 271.
878 2644 969 2716 (417.)
1001 2647 1028 2696 iu
1053 2641 1198 2710 marginem
1225 2637 1377 2709 releganda
1473 2657 1474 2666 ¹

330 2743 396 2808 puto
416 2735 515 2802 rerba,
536 2731 551 2787 ὁ
572 2731 625 2788 τὸν
637 2728 763 2803 Ὅμηρον
782 2734 884 2802 ψέγων
905 2730 941 2792 ὡς
959 2722 1166 2804 μυθογράφον.

260 2839 309 2909 63)
329 2837 365 2910 tic
378 2837 515 2899 Neotelis,
534 2835 622 2903 ignoti
647 2832 791 2898 scriptoris
811 2827 881 2886 dion
898 2835 966 2898 ῥίον
985 2828 1085 2898 (minus
1103 2824 1171 2878 b'eue
1189 2821 1281 2877 Valch.
1299 2819 1377 2889 ’ὅλην

329 2925 441 2991 βίβλον)
463 2916 632 2993 γράψαντος
656 2919 725 2988 περὶ
744 2917 793 2982 'arie
811 2914 881 2968 κατὰ
908 2914 974 2975 τοὺς
998 2911 1091 2987 ἥρωας
1115 2911 1239 2972 τοξείας,
1267 2910 1376 2978 campell.
1473 2915 1474 2974 l

329 3009 363 3061 ad
382 3013 411 3059 θ.
429 3013 489 3064 323.
511 3005 588 3068 325.,
614 3008 640 3055 et
658 2999 790 3055 Dorothei
813 2999 1001 3064 Ascalonitae,
1024 2999 1093 3069 περὶ
1117 2999 1169 3048 τοῦ
1196 2994 1310 3048 elacior
1330 2997 1377 3064 (in
1473 2999 1474 3012 ¹

327 3092 390 3144 lucu
418 3087 514 3158 Odyss.
540 3106 570 3141 ω.
598 3085 671 3154 207.)
693 3083 727 3138 ad
754 3106 772 3144 ι.
798 3088 841 3142 9ο.
889 3084 940 3145 Qui
971 3085 1108 3154 posterior
1133 3085 1205 3134 certa
1230 3095 1282 3134 uou
1310 3085 1377 3134 aute
1473 3079 1474 3128 3

327 3175 508 3230 Aristonicum
533 3179 561 3227 et
585 3169 772 3241 Tryphonem,
797 3169 845 3238 sed
870 3170 915 3224 dio
940 3174 1002 3222 aute
1026 3164 1192 3220 Athenaeum
1217 3165 1299 3230 uiuit,
1330 3168 1377 3219 oui

327 3259 454 3315 laudatur
480 3266 535 3314 tum
559 3257 627 3312 alibi
650 3263 705 3312 tum
730 3255 787 3313 vit.
810 3274 836 3328 p.
868 3260 928 3314 329.
952 3252 982 3308 E.
1013 3269 1046 3308 eu
1073 3249 1254 3322 grandissimo
1277 3257 1376 3320 opere,
1473 3253 1474 3274 ³

329 3344 436 3411 eodem,
464 3351 493 3400 ut
510 3350 593 3413 puto,
618 3347 693 3398 cuius
711 3345 810 3396 mentio
835 3341 865 3396 iit
882 3343 916 3396 ad
936 3356 960 3394 a.
981 3342 1041 3395 252.
1082 3333 1124 3390 Ita
1148 3337 1227 3390 etiam
1245 3321 1376 3392 Neutelea
1473 3391 1474 3394 ,

326 3431 424 3484 lterum
445 3432 563 3484 occurrit
582 3447 612 3482 α.
636 3435 692 3486 118.
726 3428 807 3483 Aliud
826 3434 866 3483 est
885 3428 986 3500 igitur,
1013 3437 1063 3500 per
1086 3427 1170 3476 totam
1193 3424 1275 3476 vitam
1295 3424 1375 3492 cogi·
1473 3473 1474 3480 ,

329 3519 390 3566 tara
407 3514 440 3568 de
461 3516 554 3585 aliqua
573 3530 619 3580 re,
639 3514 730 3581 allud,
749 3515 816 3570 uihil
836 3521 944 3586 praeter
962 3509 1031 3564 lrauc
1047 3523 1125 3562 uuam
1144 3523 1198 3562 rem
1216 3512 1343 3561 tractare.

259 3605 309 3678 ei)
326 3607 453 3678 Exemplo
480 3613 534 3664 siut
556 3611 601 3675 hi,
630 3629 715 3682 quos,
743 3617 863 3683 quamuis
882 3613 1020 3681 aliquanto
1045 3608 1212 3678 posteriores
1231 3604 1375 3659 Zenodoto
1473 3643 1474 3672 ,

327 3693 489 3764 plerosque,
513 3697 589 3748 tanto
608 3694 741 3753 lubentius
760 3697 803 3752 bic
822 3701 957 3768 anticipo,
986 3696 1050 3766 quia
1068 3695 1107 3746 ita
1123 3689 1288 3744 uobisarea
1309 3703 1376 3759 per·

327 3784 475 3849 purgatur,
502 3784 542 3832 tot
569 3779 691 3837 obscuris
710 3774 861 3837 homiuibus
884 3781 1006 3836 differta:
1044 3777 1175 3846 ¹Leptines
1203 3785 1236 3842 ψ.
1261 3779 1321 3830 731.
1340 3773 1376 3841 ἓν

328 3869 432 3918 mutans
451 3867 482 3918 in
499 3861 545 3928 ἕν,
572 3864 644 3935 quod
661 3867 774 3936 putabat
794 3884 854 3924 esse
879 3867 993 3940 ‘drapum
1022 3863 1143 3928 auarus,
1167 3860 1261 3913 s⁰l⁵f²¹¹
1281 3859 1306 3912 ¹⁸
1327 3861 1377 3928 qui

327 3950 356 4002 in
372 3949 473 4003 Aratea
492 3955 682 4006 commentatur
701 3961 758 4020 est,
777 3956 819 4008 oui
840 3975 864 4007 ο,
884 3953 944 4010 444.
961 3945 1083 4004 ἰοδόκον
1097 3945 1224 3999 ‘libentii
1243 3947 1376 4016 παροξυ-

328 4030 434 4099 τόνως,
469 4035 531 4088 aliia
557 4035 820 4109 προπαροξυτόνως
852 4032 1048 4091 scribentibus:
1082 4031 1122 4082 ita
1149 4027 1323 4102 Euphranori
1354 4031 1372 4089 ξ

327 4125 386 4175 372.
411 4124 591 4191 παναίθῃσιν
622 4136 671 4188 pro
699 4123 812 4176 aliorum
837 4121 1030 4189 παναινῇσιν,
1062 4119 1093 4168 ut
1122 4129 1154 4166 ex
1186 4111 1377 4183 Euphranoris

328 4203 460 4273 discipule
480 4201 584 4273 Apioue
603 4205 686 4259 tradit
706 4205 827 4263 Euststb.
846 4224 871 4278 p.
889 4207 949 4266 992.
987 4199 1157 4255 Ptolemaeus
1170 4197 1318 4268 Euergetes
1337 4196 1375 4251 ll.

253 4289 257 4294 “
326 4302 375 4340 rex
391 4288 520 4358 Aegypti,
541 4289 689 4361 discipulus
706 4288 873 4355 Aristarchi,
900 4302 950 4358 pro
970 4289 1017 4338 tou
1035 4283 1130 4354 odyss.
1151 4301 1171 4336 ε.
1192 4291 1253 4347 725,
1268 4271 1377 4334 '⁰⁰⁸1-

326 4383 394 4439 gens
415 4376 481 4424 σίου
488 4389 496 4437 ;
524 4371 685 4442 Lesbocles,
703 4374 721 4428 l.
740 4373 834 4430 rhetor
850 4369 1048 4443 Mitylenaeus,
1066 4367 1097 4423 ll.
1117 4387 1141 4422 τ.
1162 4369 1207 4424 9ο.
1219 4357 1321 4421 ¹leniter
1342 4369 1373 4420 et
