2976 4900
236 341 298 409 158
619 341 990 410 PROLEGOMENA.

234 534 263 594 in
286 532 460 596 doctissimis
479 531 604 596 Sebobis
628 541 656 596 et
679 533 716 595 ad
739 535 900 598 Aristarchi
927 534 1048 596 maxime
1069 535 1265 596 recensionem
1294 533 1386 598 edor-

234 636 320 700 natis.
365 636 499 716 Agedum
520 654 626 718 porro,
650 636 804 698 Plutarchi
815 636 920 699 evolve
934 638 1044 708 losum,
1064 637 1115 696 nbi
1135 637 1235 713 doeet,
1257 645 1387 718 quornm

233 749 336 802 rmus·
359 741 388 800 iu
410 739 564 802 l'hoenieis
586 741 718 802 oratione
745 740 782 800 ub
804 737 974 801 bristurobo
995 737 1126 814 sublatos
1159 755 1224 801 esse
1249 748 1278 801 et
1297 741 1387 804 resti-

234 843 356 905 tuendos
373 839 435 922 4ῑ);
471 860 508 903 ne
529 843 558 907 iu'
579 841 695 922 quidem
715 841 745 901 in
764 839 916 902 Eustathio
939 849 989 903 aut
1011 839 1137 902 Scholiis
1152 842 1258 904 nostris
1276 859 1386 903 memo-

234 953 343 1006 rantur.
394 946 453 1006 lam
481 945 647 1006 eonroeutis
678 946 800 1017 esinatis,
840 945 890 1025 qui
920 944 1099 1005 eonieotores
1133 943 1322 1024 perhibentur
1356 952 1386 1005 et

233 1047 405 1128 interpretes
432 1048 547 1128 priseae
574 1047 724 1110 uetustatis
753 1056 782 1110 et
807 1047 902 1110 famae
929 1043 1076 1126 sepultae,
1110 1043 1136 1104 si
1164 1065 1262 1109 verum
1291 1065 1384 1120 umas,

234 1149 368 1212 consulta
396 1151 559 1224 nobiseum,
595 1157 688 1214 utrum
717 1149 759 1224 is,
787 1149 836 1229 qni
862 1157 905 1214 tot
931 1165 1048 1221 uersus,
1078 1145 1154 1208 iorte
1185 1167 1319 1230 enseque
1344 1147 1384 1210 ad

124 1303 133 1324 ,
155 1235 160 1252 “
233 1258 362 1312 uestram
383 1259 506 1316 aetatem
525 1252 655 1329 delatm,
678 1252 745 1314 ioeo
766 1251 869 1326 norit,
890 1257 956 1323 uut,
976 1249 1002 1310 si
1024 1247 1142 1314 idieste
1161 1251 1194 1312 in
1210 1250 1385 1332 quibusdam

233 1351 350 1413 illorum
373 1361 442 1416 unte
461 1356 555 1437 ipsum
577 1355 634 1416 iam
656 1352 824 1415 zenodotus
845 1351 894 1415 rel
915 1352 967 1414 ulii
986 1351 1117 1414 iuuerunt
1132 1347 1193 1430 ⁴⁸),
1215 1363 1311 1416 aruum
1331 1355 1384 1434 qui

233 1455 264 1514 in
285 1454 412 1518 Homero
435 1456 477 1518 sie
500 1458 608 1522 uersati
631 1463 698 1518 sunt
722 1458 806 1536 quasi
834 1455 1009 1518 exuseiando
1030 1461 1059 1516 et
1078 1454 1235 1536 poliendo,
1265 1457 1385 1535 integra

235 1575 327 1640 opera
349 1557 411 1620 eins
434 1557 559 1621 edidisse
579 1566 687 1640 queant
706 1557 875 1632 uideri‚'an
898 1555 1008 1637 aliquid
1028 1565 1146 1640 praeter
1167 1557 1219 1620 illu
1234 1558 1384 1632 recidisse,

234 1659 314 1742 qnod
333 1660 421 1722 bodie
442 1679 586 1742 nusquam
604 1661 747 1744 supersit;
783 1645 907 1742 deniqne
927 1679 994 1722 num
1022 1669 1131 1742 textum
1154 1656 1203 1724 uel
1223 1661 1383 1730 habeamus

233 1763 281 1844 uel
311 1764 438 1826 neumns
471 1765 547 1826 adeo
573 1763 744 1826 Aristarcho
775 1745 963 1843 superiorem.
1022 1763 1137 1844 Quippe
1172 1763 1211 1826 ad
1230 1764 1322 1824 -bnne
1352 1764 1382 1823 'nn

233 1867 333 1948 primis
354 1874 502 1927 auctorem
532 1864 701 1928 referendas
726 1881 791 1926 esse
816 1865 920 1927 lituras
943 1865 1030 1938 istas,
1054 1865 1164 1928 collata
1187 1865 1265 1936 inter
1292 1883 1323 1928 se
1354 1876 1384 1927 et

233 1969 379 2050 pensitata
409 1967 504 2028 omnia
530 1985 626 2028 rerum
655 1975 796 2028 momenta
819 1967 930 2031 docent.
978 1967 1084 2032 Verum
1113 1969 1186 2030 istae
1213 1967 1318 2030 btrnrae
1351 1977 1384 2030 ut

165 2078 217 2134 263
236 2071 350 2157 defendi
376 2071 488 2153 possint
516 2087 629 2146 omnes,
659 2059 716 2153 (ae
745 2073 812 2133 mihi
841 2073 955 2154 quidem
985 2073 1069 2135 etiam
1096 2069 1249 2134 Pboenieis
1272 2047 1399 2152 ,rersns'

234 2174 316 2236 uneis
337 2173 418 2253 digni
435 2173 625 2250 uidebantur,
647 2174 704 2236 nisi
724 2192 769 2236 me
789 2176 922 2254 grauium
942 2185 970 2238 et
991 2186 1141 2240 acutorum
1160 2176 1287 2240 uirorum
1309 2195 1382 2240 eon-

334 2453 437 2520 6.,542.
457 2453 545 2516 (817.)
572 2455 600 2506 iu
626 2452 758 2526 Catuiogo
783 2463 845 2526 pout
870 2462 930 2515 362.
956 2459 1046 2529 (855.)
1070 2459 1324 2532 διεσκευασμένος,
1352 2468 1382 2515 nt

337 2535 472 2600 arbitror,
500 2541 669 2592 oeconomiae
692 2559 789 2605 eume,
818 2559 853 2598 ue
877 2547 990 2600 Gieeues
1017 2546 1158 2611 abessent,
1193 2549 1332 2600 memorati
1355 2567 1381 2602 κ.

335 2623 396 2678 429.
414 2626 441 2674 et
460 2641 483 2673 n.
502 2624 568 2692 329.
601 2621 640 2678 Aa
659 2641 725 2682 uene
752 2644 811 2683 euru
830 2631 961 2699 populum·
974 2633 1060 2684 omini
1080 2631 1246 2684 ntrshunum
1265 2631 1379 2701 posthae

335 2703 421 2774 lutpp.
456 2703 509 2758 Sed
527 2709 573 2776 qui
592 2715 727 2776 poterant·
738 2731 828 2770 omnes
849 2711 1023 2786 quaestiones
1040 2714 1166 2781 selueru,
1184 2716 1378 2787 hunuuerupu-

335 2788 388 2840 lum
409 2788 505 2843 ieviter
525 2793 691 2862 evehebant,
716 2805 762 2851 aut
788 2800 886 2856 callide
904 2799 1083 2866 oeeuitabuut.
1119 2798 1195 2854 vtes
1218 2797 1317 2853 Seboii.
1343 2801 1377 2854 ud
1477 2817 1478 2831 ¹

334 2872 364 2926 ll.
385 2887 422 2927 ue.
443 2879 469 2926 et
487 2871 560 2928 Eust.
577 2894 603 2945 p.
621 2885 681 2938 369.
726 2881 812 2938 Etiuur
833 2887 972 2954 antiquior
992 2899 1054 2942 esse
1072 2883 1176 2956 videtur
1195 2884 1264 2940 aliur
1283 2901 1378 2942 versus

334 2971 377 3029 up.
399 2957 488 3012 Streb.
507 2959 580 3014 xiii.
607 2980 634 3032 p.
651 2968 712 3020 626.
729 2969 832 3035 1929),
860 2969 967 3022 additus
986 2969 1070 3023 eidem
1092 2967 1177 3022 Cetei.
1196 2974 1258 3041 pout
1277 2985 1301 3022 v.
1316 2975 1378 3025 373.

334 3041 432 3107 (866)-
476 3043 557 3104 Quem
578 3050 648 3102 euim
673 3051 772 3105 Strabo
796 3058 1078 3127 apocyeypuptpudvue
1101 3053 1166 3107 dicit
1195 3052 1250 3108 ὑπὸ
1279 3059 1376 3119 τινῶν,

335 3139 393 3178 eum
411 3122 532 3218 Eustutb.
550 3144 578 3196 p.
595 3136 655 3189 366.
676 3136 842 3192 exuebatur
861 3140 933 3205 suis,
955 3139 998 3194 bie
1016 3139 1124 3209 quidem
1141 3137 1320 3208 plantaribus,
1342 3138 1378 3192 ed
1476 3187 1477 3194 ,

335 3213 516 3286 reeetrsiouern
530 3211 667 3286 Euripidis
682 3220 823 3289 (udvueu'
843 3221 1006 3297 Εὐριπίδην
1028 3223 1160 3291 dadonis)
1175 3223 1266 3278 refert.
1294 3220 1376 3292 Atqui

333 3293 377 3360 hio
393 3293 536 3368 Euripides
557 3299 627 3357 baud
647 3304 727 3362 dubie
746 3311 768 3364 is
787 3314 843 3374 est,
868 3325 944 3379 quem
963 3310 1039 3378 tetigi
1058 3325 1082 3378 p.
1108 3313 1164 3371 185.
1201 3308 1242 3362 An
1260 3308 1376 3378 denique

333 3379 373 3433 ilii
399 3395 510 3449 versus,
542 3390 588 3455 qui
619 3403 637 3442 a
662 3389 871 3461 Megarensibus
899 3397 928 3449 in
959 3394 1059 3447 celebri
1091 3398 1262 3448 contentione
1286 3393 1377 3446 fraudi

284 3500 287 3510 ,
332 3465 444 3520 Solonis
466 3471 673 3538 opponebantur
692 3491 744 3544 pro
764 3475 849 3531 estat.
869 3478 910 3535 65.
929 3479 1017 3552 (5533
1039 3492 1081 3547 up.
1094 3477 1184 3533 Strub.
1203 3478 1250 3532 lx.
1269 3495 1294 3546 p.
1313 3482 1374 3535 394.
1475 3535 1476 3540 ,

329 3551 419 3620 (604.)
438 3567 552 3622 uuquam
580 3561 708 3634 venerint
726 3562 753 3612 in
779 3564 880 3631 seripho
908 3565 1089 3632 exemplaria,
1113 3564 1230 3618 dubitari
1256 3563 1375 3616 sortasse
1475 3571 1476 3587 ¹

331 3636 402 3686 lieet.
438 3635 491 3690 Sed
511 3637 581 3706 quod
601 3655 647 3694 eos
666 3639 747 3697 bodie
765 3661 819 3706 nen
837 3648 865 3700 in
884 3647 979 3702 ordine
998 3649 1127 3718 legimus,
1149 3651 1193 3718 uix
1209 3647 1257 3702 ulii
1272 3647 1373 3701 Critieo

331 3717 443 3775 debetur
460 3733 538 3789 quem
556 3721 725 3780 huistaruhos

259 3815 658 3890 47)ss⁰811d·11¹⁰ffl⁸·})·26·
678 3823 705 3883 F.
734 3823 764 3881 Ὁ
781 3833 886 3892 Φοῖνιξ
903 3829 952 3884 did
969 3829 1021 3899 τὴν
1035 3832 1197 3885 παλλακίδα
1214 3828 1375 3902 κατάρατος

330 3901 385 3956 ὑπὸ
408 3911 460 3958 τοῦ
486 3906 596 3980 πατρὸς
621 3906 794 3981 γενόμενος,
833 3911 908 3969 Τὸν
930 3917 1001 3988 μὲν
1025 3917 1110 3988 dorii,
1143 3919 1215 3990 φησὶ
1243 3933 1268 3970 κ.
1295 3936 1319 3970 τ.
1347 3920 1372 3970 λ.

230 4023 235 4031 .
327 3985 358 4125 ἦ)
375 3989 638 4148 ἴὲέᾶέᾟῖαρχσς
662 3995 782 4054 ἐξεῖλε
808 4003 926 4053 rubra
950 3999 990 4054 sd
1016 4002 1085 4070 ἔπη
1109 4005 1295 4075 φοβηθείς
1322 4006 1373 4056 ete.

258 4169 305 4234 48)
325 4169 382 4224 lieu
400 4170 530 4229 Kasternu
556 4177 710 4246 opponebat
734 4176 885 4249 Riphaeis,
912 4179 1012 4238 histor.
1040 4183 1098 4239 orit.
1116 4179 1191 4238 Hom.
1216 4179 1257 4250 li,
1285 4186 1318 4250 5,
1344 4191 1371 4242 3.

326 4253 508 4394 {epularetur
539 4271 646 4315 musam
680 4273 846 4334 eognosoere
877 4269 967 4336 potui
997 4275 1051 4324 ten
1083 4273 1196 4340 propter
1231 4271 1375 4338 penuriam

402 4355 484 4397 amu.
562 4381 566 4392 .
616 4373 619 4382 ·
