2944 4900
477 341 847 410 raoneeomnrn.
1200 349 1244 415 no
1326 309 1331 320 ’

102 530 222 591 omnibus
243 527 355 590 uiribus
375 536 462 610 utque
477 531 579 612 opibus
595 533 746 612 augendus
761 533 826 594 aliis
845 532 998 596 mandabo.
1042 534 1111 598 Feci
1127 537 1242 618 quidem

103 631 209 711 etipse
238 638 391 736 uirumque
420 650 474 714 pro
503 634 579 697 uirili
602 643 703 716 parte,
733 635 836 699 secuto
865 654 988 714 cerens,
1015 656 1053 700 ne
1079 639 1149 720 quid
1175 641 1243 702 mibi
1260 648 1312 700 lic

195 949 308 1002 duorum
339 943 663 1000 summorum-bominum
692 951 879 1004 summitatem
914 949 1012 1004 afferre
1046 965 1172 1021 possum,
1206 951 1240 1006 is.

192 1030 349 1088 Gosouboni
366 1033 393 1082 et
411 1027 441 1084 il.
459 1028 590 1096 Bentleii,
609 1034 637 1086 iu
656 1048 767 1104 quorum
785 1038 899 1104 scriptis.
913 1036 1111 1106 comambigue
1123 1039 1241 1107 vestigia

193 1123 301 1175 exstant
318 1113 434 1170 eiusdem
449 1117 593 1184 opinionis.
625 1116 654 1170 lu
669 1117 822 1174 casauboni
839 1124 947 1192 seriptis
965 1122 1044 1192 ptura
1057 1126 1134 1184 sunt;
1157 1121 1239 1176 Beot-

193 1205 238 1257 ieii
256 1217 336 1256 unum
356 1206 397 1254 est
415 1203 442 1253 in
461 1205 553 1270 primis
574 1203 681 1272 insigne
699 1205 728 1256 in
746 1205 818 1259 libro
838 1207 968 1260 advorsus
985 1207 1117 1261 Collinum
1132 1207 1238 1276 anglice

193 1290 314 1356 scripio:
349 1287 481 1338 Remiserim
504 1295 574 1354 upon
595 1305 612 1338 o
630 1291 684 1342 lete
703 1292 849 1344 Discoreree
875 1297 908 1360 of
923 1293 1153 1358 Ἐνυεῖ-1111111119,
1175 1294 1204 1343 lo
1221 1310 1239 1344 a

193 1381 285 1428 better
310 1379 337 1422 to
361 1365 396 1422 Ν.
416 1373 451 1422 N.
472 1371 504 1438 lp
524 1373 734 1427 Piitetmrleros
752 1379 916 1444 Lipsiensis,
941 1381 1017 1432 cuius
1044 1377 1155 1446 primam
1175 1375 1238 1430 ertit.

164 1465 267 1519 'iiic
297 1459 323 1509 et
341 1458 478 1524 sopttrnan
502 1464 574 1513 1737.
604 1471 670 1524 prae
697 1460 781 1522 ocutis
810 1461 907 1522 imbec.
949 1461 979 1516 111
1004 1467 1119 1530 utraque
1144 1457 1236 1514 berum

145 1539 148 1545 ⁴
191 1545 283 1600 iisdem
310 1540 406 1607 uerbis,
424 1543 450 1611 ς.
476 1539 532 1594 vii.
556 1540 623 1596 baeu
646 1542 786 1614 legunturz
816 1551 918 1602 Homer
939 1554 1025 1602 wrote
1053 1564 1070 1598 o
1093 1549 1186 1614 seruet
1209 1550 1242 1614 of

191 1637 278 1698 Scope
296 1627 349 1680 cod
367 1626 551 1694 illapsodies,
576 1635 603 1680 to
622 1629 652 1679 be
669 1647 736 1699 suop
761 1632 793 1700 bp
811 1636 921 1702 biorself
939 1638 984 1702 {oe
1009 1635 1089 1690 soreii
1111 1635 1237 1700 eoerulops

191 1720 243 1770 ond
259 1715 332 1784 pood
350 1713 441 1771 cbeer,
470 1719 498 1764 nt
516 1715 647 1766 FestlonIs
671 1717 724 1766 crud
750 1719 826 1770 otber
851 1721 918 1785 daps
942 1721 976 1785 of
989 1719 1161 1780 Merrimeot3
1192 1709 1256 1768 tbe'

190 1803 259 1854 rtind
279 1802 312 1852 be
335 1801 411 1852 modo
428 1803 472 1868 for
490 1789 533 1850 ibe
551 1802 628 1860 Meu,
655 1802 709 1851 ond
726 1803 769 1853 ibe
789 1805 914 1871 Odpesci's
939 1807 984 1871 for
1007 1803 1050 1853 tbe
1075 1799 1151 1852 otiien·
1168 1800 1233 1854 See.

192 1889 311 1939 These
336 1888 436 1937 loose
460 1887 574 1951 Sceps
596 1895 688 1938 'tuere
718 1897 778 1940 not
807 1890 986 1941 collected
1012 1885 1176 1953 inpellier
1198 1887 1235 1936 lu

189 1973 244 2024 tle
261 1975 365 2022 Form
384 1970 704 2039 osooEplcPoem,
723 1974 789 2025 till
805 1975 914 2026 cboue
928 1972 1233 2038 boonecrsofter.

192 2055 259 2116 cuit
277 2056 379 2108 otarius
403 2059 445 2106 ost
468 2053 541 2112 bisce
562 2053 673 2107 vorbis?
708 2053 800 2127 anue
827 2066 853 2112 ot
879 2061 946 2111 satis
975 2059 1095 2126 cogitate
1123 2055 1232 2121 scripta,

189 2158 235 2198 nec
256 2140 357 2214 artiore
377 2138 544 2208 digladiendi
570 2139 740 2212 elisalesse,
764 2159 796 2196 ex
820 2146 902 2196 totius
927 2143 981 2196 ioci
1004 2143 1130 2192 corriertu
1148 2151 1232 2205 appa-

165 2225 169 2232 '
188 2234 234 2281 ret.
273 2225 367 2295 Neque
387 2231 476 2277 tamen
494 2222 560 2276 bace
572 2225 707 2291 professio
722 2230 851 2298 principis
867 2227 1043 2288 criticorum,
1062 2229 1117 2275 tam
1138 2227 1233 2291 aperta

186 2321 293 2382 tutoque
314 2309 495 2362 memorabilis
515 2312 626 2376 propter
645 2311 729 2378 ip'sunr
749 2318 870 2383 tempus,
897 2329 949 2382 quo
968 2325 1025 2366 eam
1045 2307 1141 2372 edidit,
1168 2307 1186 2359 i.
1206 2322 1231 2360 e.

185 2398 281 2468 paucis
300 2395 378 2446 annis
399 2398 461 2462 post
486 2394 613 2446 famosum
636 2395 855 2465 opus-terrani,
880 2411 927 2450 seu
955 2395 1026 2467 quod
1052 2407 1085 2448 ea
1108 2395 1136 2445 in
1160 2389 1231 2444 libro

185 2484 352 2553 potissimum
371 2476 509 2547 tireciogis
526 2483 628 2548 scripto
647 2480 765 2547 latebat,
784 2498 832 2535 seu
850 2481 921 2552 quood
941 2481 1030 2534 multis
1042 2483 1141 2530 temere
1160 2479 1232 2530 iacta

120 2639 123 2646 Ι
186 2567 345 2630 uidebatur,
362 2565 396 2618 ab
415 2564 470 2618 uiio
491 2567 549 2644 viro
569 2563 648 2618 docto
670 2567 704 2619 ad
722 2567 940 2636 disceptationem
956 2569 1053 2618 vocate
1068 2567 1123 2624 est3
1151 2563 1230 2612 immo

185 2653 358 2723 apierisqpc
382 2653 486 2718 penitus
512 2649 650 2718 neglecta,
673 2657 702 2704 ut
728 2666 744 2703 a
768 2652 879 2705 bioneta
904 2651 937 2704 ad
957 2648 1098 2704 Baiiietum
1125 2643 1158 2699 T.
1184 2641 1229 2696 111.

185 2737 212 2792 i’.
234 2737 253 2792 1.
279 2731 304 2806 p'.
326 2742 404 2797 272,
431 2733 552 2788 iiodeiini
571 2749 678 2787 caecum
698 2739 821 2805 impetum
840 2741 986 2798 enarrante,
1012 2733 1045 2785 ab
1065 2731 1141 2793 aliis,
1167 2734 1230 2780 ute

186 2817 312 2884 clantio,
330 2820 430 2890 frigide
442 2823 495 2872 'aut
511 2819 597 2872 tribus
618 2821 707 2873 verbis
725 2823 897 2882 transmisso,
917 2816 1041 2883 aPopiis
1054 2813 1122 2867 adeo
1138 2813 1230 2866 derisa

187 2909 314 2961 tortasse.
357 2903 639 2974 commemorem,
669 2909 713 2978 qui
739 2905 869 2959 senectuti
895 2915 960 2956 suae
986 2901 1105 2955 criticam
1134 2911 1228 2952 receu-

186 2997 288 3046 sionem
309 2990 416 3045 Homeri
434 2997 609 3058 reposuerat,
629 2995 656 3045 in
679 2994 740 3057 iiia,
762 2990 788 3045 id
807 2989 879 3059 quod
897 3004 929 3041 ex
946 2983 1104 3058 quibusdam
1121 2981 1228 3037 indiciis

187 3079 304 3148 colligo,
332 3075 393 3128 imic
419 3079 459 3129 rei
483 3092 516 3130 ex
540 3075 671 3130 industria
698 3078 787 3131 iucem
809 3076 920 3128 daturus
947 3079 1013 3126 erat.
1058 3072 1228 3139 Quapropter

185 3164 263 3217 vaide
284 3166 383 3226 nriror,
407 3154 488 3226 nihil,
513 3163 584 3230 quod
612 3163 647 3215 ad
670 3163 938 3232 banequaestionem
965 3163 1082 3226 spectet,
1112 3158 1229 3224 reperiri

185 3251 211 3300 in
229 3249 332 3301 criticis
352 3247 428 3302 libris
447 3245 610 3316 bogiorum,
642 3251 688 3318 qui
716 3249 748 3302 de
774 3248 846 3299 iilius
872 3245 998 3302 editionis
1019 3243 1132 3294 consiiio
1154 3255 1227 3293 men-

185 3339 284 3389 tionem
302 3331 413 3386 iaciunt.
443 3329 583 3399 [ligeriana
600 3335 736 3386 Aeolicum
755 3347 813 3385 eum
830 3327 998 3383 retracturum
1013 3327 1113 3390 luisse,
1131 3323 1227 3380 Dame—
1302 3366 1309 3372 .

186 3422 241 3474 sius
271 3424 297 3472 et
316 3417 364 3470 eiii
383 3431 499 3486 operose
518 3415 622 3470 docent.
664 3415 736 3470 flacc
759 3420 845 3468 autem
865 3415 988 3467 narratio
1014 3411 1047 3467 de
1067 3411 1228 3482 digammate

187 3503 249 3557 mibi
268 3517 350 3572 saepe
369 3501 563 3555 dubitationem
581 3505 672 3556 iniecit
695 3501 765 3555 baud
783 3501 885 3565 iorem,
911 3498 975 3570 quid
992 3497 1139 3552 Bentleium
1163 3510 1228 3549 con·

188 3591 274 3643 liciam
303 3588 336 3642 de
368 3589 529 3658 antiquitate
554 3591 705 3657 scripturae
731 3584 894 3640 Graecorum
920 3588 1053 3649 sensisse,
1082 3589 1109 3637 et
1133 3581 1229 3652 quibus

188 3679 292 3738 causis,
311 3676 336 3728 si
354 3673 496 3728 iiomerum
509 3676 652 3744 scripsisse
671 3675 787 3744 putarit,
806 3671 874 3726 banc
890 3672 1041 3726 Caeninum
1055 3671 1112 3722 eius
1127 3669 1229 3736 epicam

190 3761 300 3816 termam
318 3765 395 3812 tanto
416 3763 593 3828 posteriorem
612 3772 713 3828 ponere
728 3760 855 3826 potuerit.
887 3758 972 3813 Velim
991 3755 1023 3810 de
1041 3751 1083 3806 his
1098 3753 1228 3806 certiores
1309 3823 1311 3828 Ι

189 3861 237 3900 nos
265 3847 367 3900 iaciant
390 3847 427 3911 it,
458 3848 504 3916 qni
532 3845 631 3898 editum
654 3840 754 3896 babent
773 3843 806 3896 ad
832 3846 889 3898 eius
914 3840 1072 3896 adversaria
1098 3841 1125 3888 et
1150 3838 1229 3886 notas

190 3927 361 3997 iiomericas',
388 3945 457 4002 quae
481 3933 508 3985 in
530 3943 622 3984 manus
643 3927 832 3983 (lumberieodi
852 3933 957 3983 venisse
976 3926 1099 3978 dicuntur
1116 3921 1143 3970 in
1164 3916 1229 3969 Bio-

190 4015 305 4086 graphio
324 4016 530 4073 Britann.·edit.
556 4031 608 4070 sec.
630 4013 690 4069 Vol.
716 4012 749 4067 11.
775 4031 801 4085 p.
829 4015 888 4070 244.
933 4008 1006 4066 Niittl
1033 4011 1089 4068 est,
1118 4003 1151 4058 de
1175 4018 1229 4074 quo

189 4105 278 4168 potius
297 4101 412 4157 Bentleii
428 4102 552 4156 iudicium
567 4114 700 4170 cognosse
715 4105 834 4169 cupiam:
855 4104 881 4152 et
898 4099 959 4168 quis
977 4109 1030 4148 oon
1044 4092 1112 4146 idem
1130 4092 1229 4159 cupiet,

190 4188 234 4259 qui
254 4185 649 4244 Pbaiarideseeontroeersiae
667 4185 780 4240 iudicem
799 4183 893 4238 norit?
916 4181 946 4236 id
963 4179 1083 4243 dubites,
1104 4192 1137 4231 an
1157 4177 1230 4230 iilius

191 4274 369 4330 emendationi
388 4273 518 4330 Homerus
537 4279 638 4328 tentum
659 4271 797 4328 debiturus
815 4269 926 4334 luisset,
957 4270 1081 4336 quantum
1103 4261 1230 4317 Horatius
1332 4287 1341 4298 ,

191 4353 310 4414 debetet
329 4360 437 4416 Comici.
508 4383 511 4390 ·
680 4353 683 4360 ²
