2944 4900
486 347 852 422 PROLEGOMENA.
1198 371 1242 438 53
1342 367 1348 390 ⁸

97 529 259 590 literarum
277 525 333 604 ⁵¹):
377 531 448 594 nihil
469 535 498 596 iu
520 545 562 598 tot
584 534 709 604 millihus
731 563 865 609 uersuum
889 550 928 611 ad
950 551 1116 632 lectionem,
1140 561 1237 622 omnia
1254 574 1288 629 89

96 632 129 692 ad
155 631 327 714 auditionem
355 647 542 717 comparatae
584 641 667 703 nulla
693 654 781 725 pacta
809 659 860 712 aut
892 653 1013 717 foedera
1042 658 1098 719 nisi
1122 677 1236 739 uoram3

95 735 180 796 nullus
202 745 331 797 ueterum
357 754 453 798 rerum
477 739 572 802 lamae
594 739 659 806 lons
686 758 804 828 praeter
830 755 994 817 memorium
1020 767 1048 819 et
1075 758 1179 825 lauram
1207 775 1236 827 et

94 837 232 898 illitterata
268 848 450 902 monumenta
467 837 527 921 52);
578 863 615 906 ex
650 866 685 909 eo
718 849 882 930 Musarum,
918 876 1073 922 memorum
1106 863 1232 930 dearum,

95 939 206 1018 diligens
230 947 258 1000 et
277 928 307 1001 in¹
326 943 417 1006 Iliade
439 947 524 1008 enixe
550 950 674 1028 repetita
700 953 859 1033 inuocatio;
898 960 993 1022 utullus
1020 963 1051 1023 in
1082 966 1173 1048 cippis
1204 975 1233 1030 et

93 1041 237 1124 sepulcris,
260 1063 335 1123 quaa
356 1047 497 1110 interdum
512 1061 721 1129 memorantur,
744 1057 859 1133 titulus;
887 1079 945 1122 non
967 1063 1027 1125 alia
1047 1053 1115 1126 ulla
1128 1069 1232 1131 inscri-

92 1146 157 1226 ptio;
189 1165 249 1208 non
271 1165 321 1209 aes
344 1150 488 1230 signatum
509 1161 560 1215 aut
579 1154 658 1218 facta
678 1161 818 1240 pecunia,
850 1164 947 1226 nullus
975 1185 1045 1228 usus
1070 1170 1169 1251 scripti
1199 1173 1229 1232 iu

91 1249 165 1310 relius
196 1249 359 1311 domesticis
389 1259 418 1312 et
441 1263 604 1318 mercatura
620 1254 678 1335 53);
718 1263 817 1326 nullae
847 1269 1066 1349 geographicae
1092 1273 1229 1346 tahulao3

91 1353 200 1434 denique
226 1351 300 1413 nulli
325 1353 487 1429 tabellarii,
522 1361 620 1422 arillae
648 1364 804 1445 epistolae,
840 1387 961 1449 quarum
993 1371 1019 1430 si
1047 1375 1224 1438 consuetudo
1243 1379 1278 1434 90

89 1455 177 1518 luisset
195 1457 224 1516 in
243 1455 342 1536 patria
363 1454 490 1534 Ulyssts,
516 1449 577 1522 rol
593 1464 617 1524 si
646 1461 784 1528 manauco*
805 1463 938 1545 πίνακες
958 1475 1224 1553 percontationibus

89 1579 226 1640 procorum
248 1569 279 1622 et
299 1549 466 1620 Telemachi
487 1561 682 1643 suffecissent,
705 1571 808 1650 procul
829 1571 916 1634 dubio
931 1573 1225 1660 Odysseamaliquot

88 1661 156 1722 lituris
173 1661 352 1736 breviorem,
374 1671 438 1738 aut,
458 1671 490 1724 ut
511 1663 690 1733 Roussarius
711 1674 882 1738 coniiciahat
899 1673 956 1754 ⁵⁴),
979 1679 1093 1741 omniuo
1113 1681 1222 1744 nullam

87 1765 247 1828 haberemus.
540 1787 543 1792 ’
1136 1781 1141 1786 ’

113 1975 153 2040 it)
170 1973 205 2028 lia
225 1975 312 2030 carbo
332 1975 457 2052 γράφειν
474 1987 540 2038 satia
559 1984 657 2040 dictura
678 1993 727 2044 ast.
763 1988 899 2060 Nusquam
919 1991 946 2044 id
965 1994 1035 2062 apud
1049 1999 1218 2066 antiquiores

173 2060 323 2114 iliosideiu
343 2063 430 2129 ualet,
456 2069 529 2136 quod
554 2072 615 2125 iudo
634 2071 668 2125 ab
688 2072 822 2142 Aeschylo
846 2080 873 2128 et
894 2073 1011 2130 Pindaro
1036 2081 1149 2148 vulgare
1168 2088 1217 2136 est.

171 2145 373 2200 Deducta‘inde
389 2159 511 2216 cornua,
530 2152 627 2226 γραφή
646 2163 673 2210 at
690 2155 826 2228 γράμμα,
848 2161 908 2226 ipsa
927 2175 1034 2231 quoquo
1045 2169 1108 2218 sunt
1124 2171 1216 2233 posia·

171 2235 252 2285 riora.
291 2231 461 2292 hunotaruot
479 2234 531 2290 hou
550 2247 656 2295 ratores
678 2245 706 2296 in
725 2244 786 2296 looo
806 2243 853 2297 illo
873 2241 963 2306 llum,
993 2245 1038 2300 uhi
1063 2263 1112 2302 eos
1138 2253 1215 2320 σῆμα

169 2323 210 2370 ter
226 2319 345 2386 positum
366 2318 483 2373 offendit.
528 2321 698 2378 variatarum
726 2325 810 2380 luisse
829 2333 934 2396 poetam
956 2330 1100 2397 putabant,
1125 2334 1149 2385 si
1165 2331 1214 2386 illa

170 2403 193 2454 ai
212 2408 279 2454 nola
298 2402 420 2457 luissent.
442 2400 561 2460 Eustaih.
578 2408 595 2460 l.
616 2424 638 2464 o,
676 2411 717 2462 Τὸ
737 2409 860 2485 γράμμα
878 2412 930 2466 οὐκ
949 2413 1029 2467 οἶδεν
1047 2411 1063 2466 ὁ
1082 2412 1212 2481 ποιητής’

169 2493 194 2539 al
210 2485 266 2557 γὰρ
287 2487 332 2538 ἐπ’
346 2485 434 2540 αὐτοῦ
455 2486 490 2554 ἦν
510 2492 541 2544 ἐν
551 2488 671 2564 χρήσει,
687 2493 762 2546 καθὰ
776 2501 822 2548 καὶ
840 2496 900 2564 ἡέν
911 2497 1061 2564 Ὀδυσσείᾳ
1073 2495 1210 2570 ypocratis,

168 2571 217 2624 οὐκ
233 2569 273 2626 ἂν
291 2573 352 2642 τρὶς
370 2570 432 2626 εἶπε
449 2572 482 2626 τὸ
502 2581 595 2646 σῆμα,
623 2577 775 2649 ἐπιμείνας
800 2587 833 2652 τῇ
854 2584 927 2642 λέξει
951 2579 998 2636 διὰ
1026 2578 1058 2633 τὸ
1084 2586 1210 2654 porrique

166 2659 212 2708 καὶ
235 2660 360 2729 καίριον,
407 2655 530 2730 Γράμμα
561 2664 672 2730 primum
700 2667 807 2730 reperio
834 2667 903 2734 apud
928 2664 1063 2724 Erinuanr.
1115 2663 1208 2737 Neque

165 2739 345 2811 ἀναγνῶναι,
363 2743 465 2808 tepere,
484 2751 531 2797 aut
545 2747 630 2798 similo
645 2748 763 2816 aliquid,
782 2750 820 2802 ihi
836 2751 881 2802 ubi
893 2750 921 2803 id
935 2753 1045 2804 maxime
1058 2749 1206 2818 exspectes,

164 2826 301 2892 inuenias;
323 2829 375 2880 atsi
393 2827 449 2880 alin
463 2843 543 2882 sensu
562 2829 660 2883 dicitur
673 2828 784 2901 σήματα
803 2831 967 2903 ἀναγνῶναι
987 2836 1082 2906 odyss.
1101 2855 1123 2888 τ.
1143 2840 1203 2894 250.

166 2921 197 2977 up,
221 2913 284 2965 206.
310 2929 340 2964 ω.
361 2914 422 2968 345.
470 2911 589 2983 liorulqua
615 2915 771 2970 uocabulum
797 2919 895 2980 δέλτος
922 2936 976 2973 uon
1003 2925 1045 2974 osi
1068 2923 1204 2992 antiquius

163 2994 293 3066 Aeschylo
310 3000 336 3048 et
357 3001 467 3048 auctora
485 2995 816 3072 Batrachomyomachiaa,
834 3007 999 3074 temporibus
1017 3004 1157 3077 Aeschyli,
1176 3006 1204 3060 id

163 3081 329 3149 quod-atium
347 3081 467 3132 nonnulli
486 3097 518 3134 er
537 3085 674 3140 veteribus
693 3087 829 3154 viderunt,
847 3091 963 3161 aequali.

108 3161 352 3226 saliuncam
371 3164 392 3218 l.
413 3162 443 3218 li.
461 3164 556 3221 llochii
575 3169 682 3223 libello:
708 3169 835 3228 Littorar.
855 3173 984 3244 Magazin
1004 3173 1026 3228 i.
1045 3190 1072 3242 p.
1089 3178 1132 3230 76.

107 3247 144 3310 53)
161 3246 238 3303 Talia
261 3257 378 3320 quaeras
402 3252 430 3303 in
455 3250 567 3306 Hesiodi
590 3252 705 3322 Ἔργοις
755 3257 790 3310 At
818 3257 913 3328 tityus.
939 3264 969 3309 d.
999 3261 1056 3312 163.
1082 3259 1110 3308 iu
1137 3256 1201 3309 nari

161 3339 380 3388 commemoratur
398 3331 510 3408 φόρτου
527 3333 658 3408 μνήμων.
694 3337 747 3392 laur
767 3341 891 3393 coniurat
907 3339 1023 3408 aliquis,
1047 3343 1071 3392 si
1089 3343 1198 3408 poterit,

160 3417 293 3474 Romanoa
310 3415 430 3472 homiues
447 3437 465 3470 o
476 3424 611 3475 numuorto.
645 3421 701 3476 Nos
714 3426 849 3492 antiquum
862 3440 935 3478 asum
952 3425 1088 3494 sequimur
1101 3421 1197 3493 Odyss.

160 3521 189 3574 φ.
216 3508 262 3564 95.
304 3501 397 3574 Noquo
429 3519 552 3561 caranum
575 3502 708 3560 Euataihii
741 3508 851 3578 explic,
885 3505 1107 3580 ‹iyqoppoushs
1132 3505 1197 3574 ἤτοι

160 3583 373 3660 ἀποσημὰντωρ
393 3587 441 3642 ouh
459 3585 652 3663 γραμμάτων·
671 3589 688 3658 ἢ
707 3595 754 3646 auri
772 3591 877 3657 ἄλλως,
895 3591 1043 3663 topiaria,
1062 3594 1196 3665 ἐπιμελη-

158 3670 210 3740 τής.
253 3673 373 3728 Tametsi
394 3674 585 3746 huncquoque
609 3678 674 3729 satis
699 3677 816 3746 produnt
841 3684 958 3733 rotarum
982 3677 1069 3747 lutpp.
1087 3682 1195 3730 senteu-

157 3759 227 3810 tiam.
269 3759 392 3813 (latarum
418 3760 552 3825 riderent,
578 3762 602 3813 si
620 3757 671 3814 hoo
688 3763 825 3830 legerent,
850 3765 992 3816 institores
1015 3769 1044 3815 et
1064 3761 1195 3830 propolae

158 3845 251 3896 nostri.
289 3841 329 3896 Eu
349 3861 402 3914 quo
423 3844 517 3898 ordine
536 3859 588 3914 ego
606 3847 663 3912 ipse
681 3845 826 3916 aliquando
845 3845 936 3900 audiri
952 3846 1089 3898 mulierem
1108 3858 1192 3912 quan-

158 3925 213 3980 dam
230 3929 473 3984 illitteratissimanu
495 3943 545 3984 naa
563 3934 654 3982 uetera
676 3930 811 3984 valentem
834 3933 962 3999 ingenio,
989 3942 1193 3998 quurueuurna-

157 4013 284 4066 rationem
304 4015 406 4069 iaceret
422 4017 562 4079 mercium,
582 4027 649 4082 quar
667 4015 750 4068 variis
768 4017 796 4068 in
815 4013 922 4082 oppidis
936 4014 1058 4066 conditas
1072 4011 1193 4075 haberat,

157 4093 222 4148 adeo
242 4097 366 4169 tongam,
393 4106 422 4154 ut
440 4099 559 4152 tortasse
583 4113 640 4150 oum
659 4093 788 4170 μνήμονι
809 4093 971 4152 Phoeniciae
989 4099 1067 4150 naris
1088 4102 1194 4149 certare

155 4183 293 4246 potuisset.
922 4227 923 4236 ,

102 4258 142 4327 tt)
158 4259 318 4332 dignissima
335 4273 377 4322 est
394 4269 617 4323 autissiodori
640 4271 789 4332 sententia,
820 4282 889 4336 quaa
913 4272 973 4320 tota
997 4265 1047 4318 huo
1063 4266 1194 4318 transcri-

156 4345 234 4402 batur
252 4365 284 4406 eu
297 4350 432 4424 Opasculo
446 4355 504 4408 uiue
521 4369 570 4409 sur
589 4353 724 4422 rosque
745 4355 792 4407 des
809 4357 949 4421 mopere,
968 4349 1089 4408 0enrres
1106 4345 1193 4419 posili-
