2976 4900
532 369 898 435 PROLEGOMENA.
1224 373 1284 440 101

135 562 324 643 quaestiones
346 559 383 621 de
399 555 526 620 illorum
554 549 719 634 sententiis,
747 557 898 622 uirtutibus
929 557 957 620 e't
983 557 1059 620 uitiis
1086 557 1284 641 responderet.

134 665 221 728 Unde
241 651 425 746 perspicuum
447 666 513 734 est,
531 655 748 744 προβλήματα
775 679 827 723 seu
856 652 1000 744 ἀπορίας
1029 669 1057 723 et
1078 656 1185 736 λύσεις
1205 664 1282 739 illas,

133 769 170 829 in·
195 767 300 846 quibus
334 772 439 845 postea
476 761 580 824 eruditi
613 762 720 826 alumni
751 761 959 829 Alexandriae·
982 773 1134 846 tantopere
1163 751 1282 828 labora*

132 873 205 931 bant
223 863 285 950 ³²),
313 867 370 929 iam
399 867 428 926 in
459 863 697 945 pbilosophorum
725 851 759 926 et'
774 865 976 948 Sopbistarnm
1003 866 1109 930 scholis
1138 868 1281 931 celebrari

132 973 275 1054 coepisse.
318 969 378 1032 Neo
399 966 515 1030 aliunde
538 966 669 1028 ducenda
684 975 751 1028 sunt
771 969 853 1056 initia
868 970 960 1032 critici
982 970 1083 1046 studii,
1105 972 1183 1054 quod
1196 974 1280 1055 ipsae

131 1073 203 1135 iliae
225 1062 366 1153 ἀπορίαι
384 1070 479 1131 multis
500 1071 531 1130 in
552 1069 625 1130 loeis
648 1087 826 1132 commovere
842 1081 1006 1153 potuerunt.

234 1159 318 1236 Duae
353 1173 515 1235 boiosmodi
558 1171 772 1234 emendationes
811 1181 965 1254 supersunt
1000 1173 1124 1258 Hippiae
1166 1175 1277 1253 Thasii,

132 1267 396 1357 quarom'alterios
418 1294 455 1337 ne
475 1275 570 1336 looonr
592 1274 706 1354 quidem
727 1273 936 1350 inveniremus,
957 1269 1058 1356 tadeo
1081 1287 1205 1341 mutatos
1234 1287 1278 1341 est
1296 1285 1346 1342 168

130 1387 229 1439 textus
254 1379 390 1459 noster,)
419 1380 475 1440 nisi
500 1396 564 1439 eom
591 1377 764 1440 Aristoteles
793 1379 823 1440 in
851 1367 1021 1440 transuirsu
1047 1379 1204 1442 indicasset
1221 1374 1276 1464 ³³).

127 1479 183 1541 Est
202 1476 253 1542 ille
272 1480 358 1559 11.β.’
375 1483 438 1554 15,
456 1479 577 1541 ubitam
592 1498 648 1562 pro
662 1481 774 1554 verbis,
802 1474 947 1562 Τρώεσσι
967 1475 1003 1542 dd
1016 1474 1099 1565 κήδε’
1121 1473 1275 1566 ἐφῆπται,

127 1583 283 1662 legebatur
305 1581 367 1644 iere
386 1590 418 1645 ut
439 1601 474 1666 qr.
498 1584 588 1655 297„
608 1575 742 1661 ’δίδομεν
754 1571 792 1644 δέ
810 1574 841 1643 oi
862 1572 951 1659 εὖχος
972 1574 1123 1665 ἀρέσθαι.
1158 1583 1277 1666 impium

125 1685 299 1768 putabatur,
327 1687 423 1748 lovem
448 1675 612 1746 his'uonhis
636 1684 666 1746 id
688 1683 775 1766 plane
797 1683 979 1767 promittere,
1009 1687 1093 1767 quod
1110 1695 1276 1749 eventurum

128 1808 191 1870 non
211 1798 302 1864 esset;
337 1787 422 1869 quasi
441 1788 474 1848 in'
493 1788 595 1848 cetenis
616 1787 726 1869 Iupiter
747 1785 955 1867 seous'a‘geret
977 1771 1046 1850 oum¹
1060 1791 1276 1868 Agamemnone

129 1911 216 1974 quam
235 1893 343 1955 lebona
364 1895 427 1952 erim
450 1887 570 1950 dobabo
590 1888 614 1951 Ι.
641 1887 736 1968 Regg.
757 1887 852 1952 XXII.
897 1891 957 1954 Sed
977 1885 1115 1974 Hippias,
1144 1890 1276 1954 acumine

17 1976 22 1986 ¹
129 1996 241 2058 artibus
263 1989 394 2076 Loyolae
414 1993 518 2072 digno,
538 1990 657 2054 uerlnim
676 1983 807 2072 δίδομεν
825 1995 944 2056 mutavit
964 1995 995 2054 in
1014 1988 1158 2074 διδόμεν,
1181 1993 1276 2055 infini-

128 2091 217 2161 tivum
242 2118 296 2180 pro
318 2093 488 2178 imperativo
511 2094 723 2176 accipiendum,
746 2104 778 2159 ut
799 2099 991 2177 transpositus
1005 2105 1140 2158 acoenurs
1162 2095 1276 2175 eulpam

127 2200 241 2263 fraudis
266 2219 284 2261 a
306 2191 377 2263 lore
400 2181 534 2261 reiiceret
561 2197 592 2257 in
620 2181 800 2260 Somnium*
828 2197 912 2258 Alter
939 2197 1023 2258 loeus
1053 2205 1096 2258 est
1123 2203 1163 2280 ψ.
1192 2199 1275 2270 328.,

128 2305 168 2366 ab
192 2302 243 2364 illo
265 2303 475 2364 ita-correctus
497 2309 529 2362 ot
549 2298 636 2362 bodie
656 2300 774 2379 legitur.
818 2301 875 2362 Ubi
894 2301 919 2362 si
934 2300 1054 2382 Hippias
1074 2301 1182 2382 primus
1208 2299 1276 2363 olim

127 2393 279 2485 uolgatum
306 2391 344 2464 οὗ
371 2403 496 2486 expolit,
534 2401 711 2484 aequaleste
746 2405 807 2466 eius
837 2403 919 2465 'alias
951 2403 1025 2464 tales
1057 2404 1215 2484 scripturas
1244 2402 1275 2464 in

129 2509 270 2591 exemplis
300 2506 359 2568 suis
388 2513 607 2590 propagarunt,
640 2503 735 2586 qualis
761 2523 853 2586 nuper
882 2524 919 2568 en
947 2501 1131 2576 πολιτικοῖς
1157 2503 1276 2581 cognita

128 2621 174 2674 est
196 2609 231 2702 in*
247 2630 283 2694 φ.
308 2601 616 2690 454.’θηλοπεράιον
644 2626 698 2687 pro
719 2609 907 2670 Aristarchea
935 2589 1158 2690 τηλεδαπάων,
1188 2601 1274 2664 iaoile

127 2705 374 2796 intelligibilem
402 2712 447 2772 bis
481 2711 697 2792 speciminibus,
736 2727 822 2790 quam
847 2711 943 2790 turpia
971 2707 1042 2770 uitia
1071 2705 1218 2769 haeserint
1244 2704 1274 2764 in

130 2817 270 2900 exemplis
292 2816 376 2878 huius
400 2815 512 2876 uetustis.
563 2811 624 2874 Sed
656 2811 692 2873 de
720 2811 778 2873 illis
806 2813 892 2892 plura
920 2812 988 2873 lieet
1015 2806 1158 2889 sdspieari
1188 2816 1275 2884 quam

129 2924 216 2988 seire.
259 2919 353 2996 Quinum
373 2927 469 2979 autem
500 2933 550 2977 eos
573 2930 690 2995 quoque
720 2914 802 2976 locos
823 2914 956 2988 Homeri,
987 2910 1037 2992 qui
1066 2911 1103 2973 ab
1124 2905 1274 2970 Herodoto

129 3035 159 3088 et
179 3025 244 3086 aliis
270 3019 481 3101 antiquioribus
510 3017 698 3099 scriptoribus
721 3017 892 3100 laudantur,
922 3035 981 3081 non
1009 3031 1078 3076 raro
1105 3007 1273 3075 alibrariis

128 3101 168 3192 ad
182 3126 333 3206 uulgarem
347 3122 467 3185 formam
488 3128 582 3182 textus
602 3129 726 3183 mutatos
745 3139 809 3182 esse
831 3139 868 3181 on
884 3119 1012 3199 ipsorum
1027 3115 1157 3178 comeum
1173 3110 1274 3182 hodie-

129 3249 189 3316 que
222 3226 401 3292 exstantibus
430 3224 525 3285 lituris
554 3230 711 3304 appareat,
746 3236 831 3302 qoam
869 3220 1012 3281 diuersum
1039 3217 1120 3277 illum
1147 3211 1273 3274 babituri
1291 3221 1341 3275 169

128 3353 273 3408 essemus,
302 3331 328 3394 si
351 3347 388 3392 ex
413 3326 589 3390 bibbotbeea
611 3322 733 3384 alicuius
766 3320 922 3404 sophistae
950 3317 999 3381 uel
1026 3315 1140 3399 polubri
1167 3309 1276 3390 Enthy-

130 3441 205 3506 demi
222 3432 265 3512 34)
289 3432 461 3511 descriptum
484 3426 694 3510 acciperemus!
905 3503 910 3510 .

231 3539 304 3604 Nam
324 3536 382 3598 illis
403 3536 462 3600 iam
481 3529 658 3614 temporibus
680 3526 796 3608 uigente
814 3524 937 3588 libraria
957 3522 1082 3605 quadam
1100 3523 1275 3596 ‚mercatura

127 3643 317 3711 hauddubie
343 3640 428 3722 eopia
457 3632 662 3718 exemplarium
689 3631 743 3694 init
770 3631 848 3711 apud
863 3631 1032 3694 ·litteratum
1061 3638 1218 3706 quemque,
1246 3619 1276 3740 in

163 3951 211 4016 aa)
231 3945 375 4016 rorpoyrn
393 3941 484 3996 sanor.
504 3939 538 3994 ao
559 3937 589 3993 u.
608 3957 626 3988 ι.
644 3903 704 3993 oar.

165 4038 215 4106 33)
232 4029 299 4088 ibid.
318 4034 358 4087 25.
377 4035 404 4082 et
422 4041 511 4097 praee.
529 4019 637 4078 oroneo.
662 4017 774 4088 sopbist.
796 4033 821 4087 p.
840 4015 900 4072 284.
924 4011 970 4074 0.,
995 4009 1041 4064 ubi
1061 4025 1085 4062 v.
1106 4005 1178 4060 Paeti
1199 4002 1278 4056 Corn·

237 4122 315 4173 mont.
343 4114 443 4182 analyt.
468 4110 501 4163 ad
528 4106 659 4176 organon
684 4122 708 4174 p.
736 4106 795 4161 485.
841 4101 870 4155 ln
887 4099 948 4152 'iiio
974 4109 1032 4164 oap.
1058 4092 1180 4148 Poetices
1200 4088 1279 4159 plura

237 4209 299 4258 sunt
336 4191 482 4254 firmandae
517 4199 627 4248 nostrae
662 4190 784 4260 opinioni
817 4185 850 4240 de
886 4183 1045 4252 antiquitate
1079 4175 1279 4231 Homerioorom

235 4281 448 4364 προβλημάτων
468 4285 495 4334 et
514 4275 630 4332 λύσεων.
730 4317 733 4324 ,

167 4377 216 4449 st)
235 4373 358 4445 Xenopb.
381 4369 418 4426 bt.
438 4366 466 4424 S.
485 4363 537 4432 tv,
558 4371 589 4426 2,
610 4370 631 4416 1.

1474 483 1476 520 i
