<?xml version="1.0" encoding="UTF-8"?>
<!DOCTYPE html PUBLIC "-//W3C//DTD XHTML 1.0 Transitional//EN"
    "http://www.w3.org/TR/xhtml1/DTD/xhtml1-transitional.dtd">
<html xmlns="http://www.w3.org/1999/xhtml" xml:lang="en" lang="en">
 <head>
  <title>
</title>
<meta http-equiv="Content-Type" content="text/html;charset=utf-8" />
  <meta name='ocr-system' content='tesseract 3.04.00' />
  <meta name='ocr-capabilities' content='ocr_page ocr_carea ocr_par ocr_line ocrx_word'/>
</head>
<body>
  <div class='ocr_page' id='page_1' title='image "./prolegomenaadho02wolfgoog_0136.png"; bbox 0 0 2976 4900; ppageno 0'>
   <div class='ocr_carea' id='block_1_1' title="bbox 514 342 1275 436">
    <p class='ocr_par' dir='ltr' id='par_1_1' title="bbox 514 342 1275 436">
     <span class='ocr_line' id='line_1_1' title="bbox 514 342 1275 436; baseline 0.005 -6"><span class='ocrx_word' id='word_1_1' title='bbox 514 342 889 430; x_wconf 79' lang='lat' dir='ltr'><strong>reon&#39;sconunn</strong></span> <span class='ocrx_word' id='word_1_2' title='bbox 1211 366 1275 436; x_wconf 80' lang='lat' dir='ltr'><strong>tas</strong></span> 
     </span>
    </p>
   </div>
   <div class='ocr_carea' id='block_1_2' title="bbox 116 551 1341 738">
    <p class='ocr_par' dir='ltr' id='par_1_2' title="bbox 116 551 1341 738">
     <span class='ocr_line' id='line_1_2' title="bbox 118 551 1275 639; baseline 0.001 -21"><span class='ocrx_word' id='word_1_3' title='bbox 118 555 158 618; x_wconf 86' lang='lat' dir='ltr'><strong>de</strong></span> <span class='ocrx_word' id='word_1_4' title='bbox 178 552 391 616; x_wconf 75' lang='lat' dir='ltr'><strong>discriminibus</strong></span> <span class='ocrx_word' id='word_1_5' title='bbox 413 551 620 628; x_wconf 71' lang='lat' dir='ltr'><strong>delectorum,</strong></span> <span class='ocrx_word' id='word_1_6' title='bbox 640 553 682 616; x_wconf 77' lang='lat' dir='ltr'><strong>d‘e</strong></span> <span class='ocrx_word' id='word_1_7' title='bbox 700 553 964 639; x_wconf 27' lang='lat' dir='ltr'><strong>&#39;constructionibus</strong></span> <span class='ocrx_word' id='word_1_8' title='bbox 983 554 1105 636; x_wconf 85' lang='lat' dir='ltr'><strong>politicis</strong></span> <span class='ocrx_word' id='word_1_9' title='bbox 1129 564 1157 618; x_wconf 88' lang='lat' dir='ltr'><strong>et</strong></span> <span class='ocrx_word' id='word_1_10' title='bbox 1177 555 1275 620; x_wconf 89' lang='lat' dir='ltr'><strong>multis</strong></span> 
     </span>
     <span class='ocr_line' id='line_1_3' title="bbox 116 651 1341 738; baseline 0.001 -17"><span class='ocrx_word' id='word_1_11' title='bbox 116 659 184 722; x_wconf 86' lang='lat' dir='ltr'><strong>aliis</strong></span> <span class='ocrx_word' id='word_1_12' title='bbox 213 656 301 719; x_wconf 88' lang='lat' dir='ltr'><strong>rebus</strong></span> <span class='ocrx_word' id='word_1_13' title='bbox 323 653 449 717; x_wconf 86' lang='lat' dir='ltr'><strong>eiusdem</strong></span> <span class='ocrx_word' id='word_1_14' title='bbox 473 657 591 734; x_wconf 78' lang='lat' dir='ltr'><strong>generis</strong></span> <span class='ocrx_word' id='word_1_15' title='bbox 605 651 658 733; x_wconf 85' lang='lat'><strong>⁷⁷).</strong></span> <span class='ocrx_word' id='word_1_16' title='bbox 710 657 773 720; x_wconf 84' lang='lat' dir='ltr'><strong>line</strong></span> <span class='ocrx_word' id='word_1_17' title='bbox 802 655 877 738; x_wconf 83' lang='lat' dir='ltr'><strong>adde</strong></span> <span class='ocrx_word' id='word_1_18' title='bbox 898 657 1126 721; x_wconf 68' lang='lat' dir='ltr'><strong>honestissimam</strong></span> <span class='ocrx_word' id='word_1_19' title='bbox 1153 676 1270 722; x_wconf 73' lang='lat' dir='ltr'><strong>mmmm</strong></span> <span class='ocrx_word' id='word_1_20' title='bbox 1287 665 1341 722; x_wconf 85' lang='grc'><strong>208</strong></span> 
     </span>
    </p>
   </div>
   <div class='ocr_carea' id='block_1_3' title="bbox 123 836 431 860">
    <p class='ocr_par' dir='ltr' id='par_1_3' title="bbox 123 836 431 860">
     <span class='ocr_line' id='line_1_4' title="bbox 123 836 431 860; baseline 0 -12"><span class='ocrx_word' id='word_1_21' title='bbox 123 836 431 860; x_wconf 87' lang='lat'><strong>...------·</strong></span> 
     </span>
    </p>
   </div>
   <div class='ocr_carea' id='block_1_4' title="bbox 135 960 1288 2142">
    <p class='ocr_par' dir='ltr' id='par_1_4' title="bbox 135 960 1288 2142">
     <span class='ocr_line' id='line_1_5' title="bbox 220 960 1269 1030; baseline 0.008 -18"><span class='ocrx_word' id='word_1_22' title='bbox 220 963 329 1029; x_wconf 80' lang='lat' dir='ltr'><strong>poetam</strong></span> <span class='ocrx_word' id='word_1_23' title='bbox 362 973 437 1012; x_wconf 83' lang='lat' dir='ltr'><strong>osum</strong></span> <span class='ocrx_word' id='word_1_24' title='bbox 463 960 508 1012; x_wconf 87' lang='lat' dir='ltr'><strong>sui</strong></span> <span class='ocrx_word' id='word_1_25' title='bbox 522 982 526 990; x_wconf 85' lang='lat'><em>·</em></span> <span class='ocrx_word' id='word_1_26' title='bbox 539 960 641 1014; x_wconf 81' lang='lat' dir='ltr'><strong>saecoli</strong></span> <span class='ocrx_word' id='word_1_27' title='bbox 654 962 820 1030; x_wconf 63' lang='lat' dir='ltr'><strong>nucerensi,</strong></span> <span class='ocrx_word' id='word_1_28' title='bbox 852 961 948 1016; x_wconf 78' lang='lat' dir='ltr'><strong>noima</strong></span> <span class='ocrx_word' id='word_1_29' title='bbox 974 961 1105 1018; x_wconf 88' lang='lat' dir='ltr'><strong>lectiones</strong></span> <span class='ocrx_word' id='word_1_30' title='bbox 1128 963 1269 1020; x_wconf 78' lang='lat' dir='ltr'><strong>nunnius</strong></span> 
     </span>
     <span class='ocr_line' id='line_1_6' title="bbox 221 1043 1270 1120; baseline 0.005 -21"><span class='ocrx_word' id='word_1_31' title='bbox 221 1044 307 1099; x_wconf 84' lang='lat' dir='ltr'><strong>rideri</strong></span> <span class='ocrx_word' id='word_1_32' title='bbox 326 1057 442 1120; x_wconf 20' lang='lat' dir='ltr'><strong>*neeesse</strong></span> <span class='ocrx_word' id='word_1_33' title='bbox 467 1045 525 1100; x_wconf 90' lang='lat' dir='ltr'><strong>luit.</strong></span> <span class='ocrx_word' id='word_1_34' title='bbox 567 1043 607 1098; x_wconf 94' lang='lat' dir='ltr'><strong>lta</strong></span> <span class='ocrx_word' id='word_1_35' title='bbox 632 1045 672 1098; x_wconf 89' lang='lat' dir='ltr'><strong>illi</strong></span> <span class='ocrx_word' id='word_1_36' title='bbox 697 1043 801 1106; x_wconf 77' lang='grc' dir='ltr'><strong><em>Ὀϊλιὺς</em></strong></span> <span class='ocrx_word' id='word_1_37' title='bbox 820 1046 900 1102; x_wconf 87' lang='lat' dir='ltr'><strong>laclia</strong></span> <span class='ocrx_word' id='word_1_38' title='bbox 919 1046 999 1102; x_wconf 84' lang='lat' dir='ltr'><strong>tiebat</strong></span> <span class='ocrx_word' id='word_1_39' title='bbox 1019 1045 1035 1101; x_wconf 91' lang='grc' dir='ltr'>ὁ</span> <span class='ocrx_word' id='word_1_40' title='bbox 1052 1045 1155 1110; x_wconf 71' lang='lat' dir='ltr'><strong>’ileu&#39;c&#39;r</strong></span> <span class='ocrx_word' id='word_1_41' title='bbox 1189 1066 1215 1107; x_wconf 80' lang='grc' dir='ltr'><strong>ν.</strong></span> <span class='ocrx_word' id='word_1_42' title='bbox 1234 1051 1270 1104; x_wconf 91' lang='lat' dir='ltr'><strong>ad</strong></span> 
     </span>
     <span class='ocr_line' id='line_1_7' title="bbox 221 1129 1267 1204; baseline 0.004 -20"><span class='ocrx_word' id='word_1_43' title='bbox 221 1129 306 1184; x_wconf 81' lang='lat' dir='ltr'><strong>Calai.</strong></span> <span class='ocrx_word' id='word_1_44' title='bbox 322 1134 365 1186; x_wconf 86' lang='grc'><strong>34.</strong></span> <span class='ocrx_word' id='word_1_45' title='bbox 400 1150 431 1200; x_wconf 77' lang='grc' dir='ltr'><strong>μ.</strong></span> <span class='ocrx_word' id='word_1_46' title='bbox 451 1134 511 1188; x_wconf 84' lang='grc'><strong>305.</strong></span> <span class='ocrx_word' id='word_1_47' title='bbox 547 1149 572 1186; x_wconf 81' lang='grc' dir='ltr'><strong>ν.</strong></span> <span class='ocrx_word' id='word_1_48' title='bbox 591 1135 653 1186; x_wconf 89' lang='grc'><strong>203.</strong></span> <span class='ocrx_word' id='word_1_49' title='bbox 669 1133 729 1187; x_wconf 75' lang='grc'><strong>694.</strong></span> <span class='ocrx_word' id='word_1_50' title='bbox 745 1137 806 1188; x_wconf 88' lang='grc'><strong>712.</strong></span> <span class='ocrx_word' id='word_1_51' title='bbox 843 1151 868 1184; x_wconf 93' lang='grc' dir='ltr'><strong>ο.</strong></span> <span class='ocrx_word' id='word_1_52' title='bbox 886 1137 946 1189; x_wconf 85' lang='grc'><strong>333.</strong></span> <span class='ocrx_word' id='word_1_53' title='bbox 983 1144 1014 1202; x_wconf 78' lang='grc' dir='ltr'><strong>ψ.</strong></span> <span class='ocrx_word' id='word_1_54' title='bbox 1034 1138 1094 1192; x_wconf 77' lang='grc'><strong>759.</strong></span> <span class='ocrx_word' id='word_1_55' title='bbox 1129 1130 1214 1204; x_wconf 82' lang='lat' dir='ltr'><strong>Etym.</strong></span> <span class='ocrx_word' id='word_1_56' title='bbox 1228 1133 1267 1188; x_wconf 88' lang='lat' dir='ltr'><strong>M.</strong></span> 
     </span>
     <span class='ocr_line' id='line_1_8' title="bbox 218 1213 1267 1286; baseline 0.002 -16"><span class='ocrx_word' id='word_1_57' title='bbox 218 1219 319 1286; x_wconf 67' lang='grc'><strong>11346.</strong></span> <span class='ocrx_word' id='word_1_58' title='bbox 354 1213 427 1268; x_wconf 76' lang='lat' dir='ltr'><strong>Eust-</strong></span> <span class='ocrx_word' id='word_1_59' title='bbox 447 1232 472 1285; x_wconf 88' lang='lat' dir='ltr'><strong>p.</strong></span> <span class='ocrx_word' id='word_1_60' title='bbox 491 1223 547 1271; x_wconf 83' lang='lat'><strong>101.</strong></span> <span class='ocrx_word' id='word_1_61' title='bbox 570 1219 636 1267; x_wconf 85' lang='lat' dir='ltr'><strong>eto:</strong></span> <span class='ocrx_word' id='word_1_62' title='bbox 665 1229 742 1282; x_wconf 90' lang='lat' dir='ltr'><strong>quum</strong></span> <span class='ocrx_word' id='word_1_63' title='bbox 763 1229 821 1267; x_wconf 86' lang='lat' dir='ltr'><strong>eunt</strong></span> <span class='ocrx_word' id='word_1_64' title='bbox 840 1231 906 1268; x_wconf 90' lang='lat' dir='ltr'><strong>unus</strong></span> <span class='ocrx_word' id='word_1_65' title='bbox 926 1216 999 1270; x_wconf 87' lang='lat' dir='ltr'><strong>locus</strong></span> <span class='ocrx_word' id='word_1_66' title='bbox 1019 1220 1044 1269; x_wconf 92' lang='grc' dir='ltr'><strong>λ.</strong></span> <span class='ocrx_word' id='word_1_67' title='bbox 1061 1222 1105 1276; x_wconf 87' lang='grc'><strong>93.</strong></span> <span class='ocrx_word' id='word_1_68' title='bbox 1123 1216 1158 1270; x_wconf 89' lang='lat' dir='ltr'><strong>ad</strong></span> <span class='ocrx_word' id='word_1_69' title='bbox 1176 1233 1267 1272; x_wconf 85' lang='lat' dir='ltr'><strong>uerum</strong></span> 
     </span>
     <span class='ocr_line' id='line_1_9' title="bbox 218 1296 1267 1375; baseline 0.003 -21"><span class='ocrx_word' id='word_1_70' title='bbox 218 1300 317 1354; x_wconf 88' lang='lat' dir='ltr'><strong>ducere</strong></span> <span class='ocrx_word' id='word_1_71' title='bbox 334 1298 479 1354; x_wconf 77' lang='lat' dir='ltr'><strong>debuisset.</strong></span> <span class='ocrx_word' id='word_1_72' title='bbox 513 1299 611 1354; x_wconf 89' lang='lat' dir='ltr'><strong>Verum</strong></span> <span class='ocrx_word' id='word_1_73' title='bbox 630 1296 709 1352; x_wconf 89' lang='lat' dir='ltr'><strong>huius</strong></span> <span class='ocrx_word' id='word_1_74' title='bbox 728 1312 835 1369; x_wconf 86' lang='lat' dir='ltr'><strong>quoque</strong></span> <span class='ocrx_word' id='word_1_75' title='bbox 855 1300 975 1365; x_wconf 79' lang='lat' dir='ltr'><strong>formae,</strong></span> <span class='ocrx_word' id='word_1_76' title='bbox 1000 1315 1034 1355; x_wconf 93' lang='lat' dir='ltr'><strong>ne</strong></span> <span class='ocrx_word' id='word_1_77' title='bbox 1049 1303 1148 1375; x_wconf 82' lang='lat' dir='ltr'><strong>camin</strong></span> <span class='ocrx_word' id='word_1_78' title='bbox 1165 1303 1267 1357; x_wconf 87' lang='lat' dir='ltr'><strong>criticis</strong></span> 
     </span>
     <span class='ocr_line' id='line_1_10' title="bbox 216 1382 1266 1455; baseline 0.002 -15"><span class='ocrx_word' id='word_1_79' title='bbox 216 1387 298 1455; x_wconf 76' lang='lat' dir='ltr'><strong>nugis</strong></span> <span class='ocrx_word' id='word_1_80' title='bbox 327 1399 501 1450; x_wconf 88' lang='lat' dir='ltr'><strong>annumeres,</strong></span> <span class='ocrx_word' id='word_1_81' title='bbox 533 1390 659 1438; x_wconf 87' lang='lat' dir='ltr'><strong>auctores</strong></span> <span class='ocrx_word' id='word_1_82' title='bbox 691 1382 834 1437; x_wconf 75' lang='lat' dir='ltr'><strong>laudantur</strong></span> <span class='ocrx_word' id='word_1_83' title='bbox 865 1383 998 1440; x_wconf 85' lang='lat' dir='ltr'><strong>lissiodus</strong></span> <span class='ocrx_word' id='word_1_84' title='bbox 1030 1392 1058 1440; x_wconf 90' lang='lat' dir='ltr'><strong>et</strong></span> <span class='ocrx_word' id='word_1_85' title='bbox 1085 1385 1266 1442; x_wconf 79' lang='lat' dir='ltr'><strong>Stesichorus.</strong></span> 
     </span>
     <span class='ocr_line' id='line_1_11' title="bbox 219 1466 1267 1533; baseline 0 -7"><span class='ocrx_word' id='word_1_86' title='bbox 219 1469 260 1530; x_wconf 84' lang='lat' dir='ltr'><strong>Ob</strong></span> <span class='ocrx_word' id='word_1_87' title='bbox 285 1469 395 1526; x_wconf 86' lang='lat' dir='ltr'><strong>eandem</strong></span> <span class='ocrx_word' id='word_1_88' title='bbox 421 1472 610 1533; x_wconf 69' lang='lat' dir='ltr'><strong>nenessitatem</strong></span> <span class='ocrx_word' id='word_1_89' title='bbox 638 1469 745 1522; x_wconf 87' lang='lat' dir='ltr'><strong>articuli</strong></span> <span class='ocrx_word' id='word_1_90' title='bbox 767 1466 907 1524; x_wconf 88' lang='lat' dir='ltr'><strong>Zenodoto</strong></span> <span class='ocrx_word' id='word_1_91' title='bbox 931 1470 1101 1526; x_wconf 87' lang='lat' dir='ltr'><strong>scribendum</strong></span> <span class='ocrx_word' id='word_1_92' title='bbox 1125 1471 1267 1526; x_wconf 87' lang='lat' dir='ltr'><strong>ridebatur</strong></span> 
     </span>
     <span class='ocr_line' id='line_1_12' title="bbox 220 1550 1266 1627; baseline 0.003 -17"><span class='ocrx_word' id='word_1_93' title='bbox 220 1554 321 1620; x_wconf 78' lang='lat' dir='ltr'><strong>editoe,</strong></span> <span class='ocrx_word' id='word_1_94' title='bbox 344 1556 391 1610; x_wconf 87' lang='lat' dir='ltr'><strong>ubi</strong></span> <span class='ocrx_word' id='word_1_95' title='bbox 409 1553 491 1608; x_wconf 78' lang='grc' dir='ltr'><strong><em>ἄλλοι</em></strong></span> <span class='ocrx_word' id='word_1_96' title='bbox 509 1561 551 1610; x_wconf 89' lang='lat' dir='ltr'><strong>est</strong></span> <span class='ocrx_word' id='word_1_97' title='bbox 571 1556 600 1607; x_wconf 78' lang='lat' dir='ltr'><strong>oi</strong></span> <span class='ocrx_word' id='word_1_98' title='bbox 617 1550 713 1617; x_wconf 75' lang='grc' dir='ltr'><strong><em>ἄλλοι,</em></strong></span> <span class='ocrx_word' id='word_1_99' title='bbox 734 1555 823 1605; x_wconf 66' lang='lat' dir='ltr'><strong>ested</strong></span> <span class='ocrx_word' id='word_1_100' title='bbox 859 1554 890 1610; x_wconf 88' lang='lat' dir='ltr'><strong>V.</strong></span> <span class='ocrx_word' id='word_1_101' title='bbox 903 1555 992 1610; x_wconf 84' lang='lat' dir='ltr'><strong>laadd.</strong></span> <span class='ocrx_word' id='word_1_102' title='bbox 1011 1559 1039 1610; x_wconf 91' lang='lat' dir='ltr'><strong>in</strong></span> <span class='ocrx_word' id='word_1_103' title='bbox 1057 1553 1131 1610; x_wconf 79' lang='lat' dir='ltr'><strong>Reiz.</strong></span> <span class='ocrx_word' id='word_1_104' title='bbox 1150 1556 1182 1613; x_wconf 90' lang='lat' dir='ltr'><strong>de</strong></span> <span class='ocrx_word' id='word_1_105' title='bbox 1200 1573 1266 1627; x_wconf 90' lang='lat' dir='ltr'><strong>pro·</strong></span> 
     </span>
     <span class='ocr_line' id='line_1_13' title="bbox 135 1635 1266 1710; baseline -0.002 -11"><span class='ocrx_word' id='word_1_106' title='bbox 135 1659 137 1666; x_wconf 73' lang='grc'>’</span> <span class='ocrx_word' id='word_1_107' title='bbox 216 1639 489 1699; x_wconf 61' lang='lat' dir='ltr'><strong>concederentur</strong></span> <span class='ocrx_word' id='word_1_108' title='bbox 518 1639 640 1693; x_wconf 87' lang='lat' dir='ltr'><strong>inclinat.</strong></span> <span class='ocrx_word' id='word_1_109' title='bbox 662 1649 685 1706; x_wconf 86' lang='lat' dir='ltr'><strong>p.</strong></span> <span class='ocrx_word' id='word_1_110' title='bbox 701 1640 743 1694; x_wconf 90' lang='grc'><strong>75.</strong></span> <span class='ocrx_word' id='word_1_111' title='bbox 763 1652 819 1692; x_wconf 87' lang='lat' dir='ltr'><strong>cum</strong></span> <span class='ocrx_word' id='word_1_112' title='bbox 833 1635 917 1709; x_wconf 78' lang='lat' dir='ltr'><strong>Etpm.</strong></span> <span class='ocrx_word' id='word_1_113' title='bbox 936 1637 973 1694; x_wconf 89' lang='lat' dir='ltr'><strong>M.</strong></span> <span class='ocrx_word' id='word_1_114' title='bbox 995 1657 1020 1710; x_wconf 88' lang='lat' dir='ltr'><strong>p.</strong></span> <span class='ocrx_word' id='word_1_115' title='bbox 1033 1646 1094 1700; x_wconf 86' lang='grc'><strong>821.</strong></span> <span class='ocrx_word' id='word_1_116' title='bbox 1113 1641 1213 1696; x_wconf 84' lang='lat' dir='ltr'><strong>Soiotl.</strong></span> <span class='ocrx_word' id='word_1_117' title='bbox 1230 1644 1266 1702; x_wconf 88' lang='lat' dir='ltr'><strong>ad</strong></span> 
     </span>
     <span class='ocr_line' id='line_1_14' title="bbox 214 1723 1264 1797; baseline 0.003 -18"><span class='ocrx_word' id='word_1_118' title='bbox 214 1735 240 1797; x_wconf 74' lang='grc' dir='ltr'><strong>ρ.</strong></span> <span class='ocrx_word' id='word_1_119' title='bbox 256 1736 280 1783; x_wconf 94' lang='grc'><strong>1.</strong></span> <span class='ocrx_word' id='word_1_120' title='bbox 299 1732 326 1780; x_wconf 82' lang='grc' dir='ltr'><strong><em>ολ</em></strong></span> <span class='ocrx_word' id='word_1_121' title='bbox 343 1743 368 1779; x_wconf 86' lang='grc' dir='ltr'><strong>κ.</strong></span> <span class='ocrx_word' id='word_1_122' title='bbox 387 1733 410 1779; x_wconf 88' lang='grc'><strong>1.</strong></span> <span class='ocrx_word' id='word_1_123' title='bbox 446 1723 504 1784; x_wconf 81' lang='lat' dir='ltr'><strong>Quo</strong></span> <span class='ocrx_word' id='word_1_124' title='bbox 523 1725 677 1794; x_wconf 85' lang='lat' dir='ltr'><strong>posteriore</strong></span> <span class='ocrx_word' id='word_1_125' title='bbox 696 1723 756 1776; x_wconf 88' lang='lat' dir='ltr'><strong>loco</strong></span> <span class='ocrx_word' id='word_1_126' title='bbox 775 1723 815 1776; x_wconf 88' lang='lat' dir='ltr'><strong>sio</strong></span> <span class='ocrx_word' id='word_1_127' title='bbox 834 1730 980 1778; x_wconf 91' lang='lat' dir='ltr'><strong>narrantur</strong></span> <span class='ocrx_word' id='word_1_128' title='bbox 999 1732 1025 1780; x_wconf 87' lang='lat' dir='ltr'><strong>et</strong></span> <span class='ocrx_word' id='word_1_129' title='bbox 1045 1725 1093 1778; x_wconf 88' lang='lat' dir='ltr'><strong>alii</strong></span> <span class='ocrx_word' id='word_1_130' title='bbox 1111 1729 1264 1796; x_wconf 78' lang='lat' dir='ltr'><strong>scripsisse,</strong></span> 
     </span>
     <span class='ocr_line' id='line_1_15' title="bbox 215 1807 1266 1882; baseline 0 -16"><span class='ocrx_word' id='word_1_131' title='bbox 215 1813 255 1867; x_wconf 90' lang='lat' dir='ltr'><strong>uti</strong></span> <span class='ocrx_word' id='word_1_132' title='bbox 278 1825 347 1866; x_wconf 87' lang='lat' dir='ltr'><strong>nuuc</strong></span> <span class='ocrx_word' id='word_1_133' title='bbox 364 1812 439 1864; x_wconf 68' lang='lat' dir='ltr'><strong>«salis</strong></span> <span class='ocrx_word' id='word_1_134' title='bbox 466 1814 621 1863; x_wconf 81' lang='lat' dir='ltr'><strong>constanter</strong></span> <span class='ocrx_word' id='word_1_135' title='bbox 655 1807 720 1862; x_wconf 84' lang='lat' dir='ltr'><strong>lacit</strong></span> <span class='ocrx_word' id='word_1_136' title='bbox 744 1807 904 1876; x_wconf 80' lang='lat' dir='ltr'><strong>Apollonius</strong></span> <span class='ocrx_word' id='word_1_137' title='bbox 929 1807 1124 1866; x_wconf 79' lang='lat' dir='ltr'><strong>Bruoolnianos.</strong></span> <span class='ocrx_word' id='word_1_138' title='bbox 1172 1811 1266 1882; x_wconf 80' lang='lat' dir='ltr'><strong>Aeque</strong></span> 
     </span>
     <span class='ocr_line' id='line_1_16' title="bbox 217 1889 1264 1961; baseline 0.001 -9"><span class='ocrx_word' id='word_1_139' title='bbox 217 1897 297 1952; x_wconf 78' lang='lat' dir='ltr'><strong>facilc</strong></span> <span class='ocrx_word' id='word_1_140' title='bbox 325 1889 457 1961; x_wconf 77' lang='lat' dir='ltr'><strong>articulus</strong></span> <span class='ocrx_word' id='word_1_141' title='bbox 479 1893 542 1948; x_wconf 90' lang='lat' dir='ltr'><strong>addi</strong></span> <span class='ocrx_word' id='word_1_142' title='bbox 567 1900 615 1948; x_wconf 88' lang='lat' dir='ltr'><strong>aut</strong></span> <span class='ocrx_word' id='word_1_143' title='bbox 638 1893 707 1947; x_wconf 87' lang='lat' dir='ltr'><strong>deni</strong></span> <span class='ocrx_word' id='word_1_144' title='bbox 725 1896 813 1961; x_wconf 86' lang='lat' dir='ltr'><strong>potuit</strong></span> <span class='ocrx_word' id='word_1_145' title='bbox 831 1893 893 1948; x_wconf 88' lang='lat' dir='ltr'><strong>aliis</strong></span> <span class='ocrx_word' id='word_1_146' title='bbox 911 1895 1051 1950; x_wconf 84' lang='lat' dir='ltr'><strong>uocabulis</strong></span> <span class='ocrx_word' id='word_1_147' title='bbox 1069 1897 1167 1952; x_wconf 89' lang='lat' dir='ltr'><strong>multis.</strong></span> <span class='ocrx_word' id='word_1_148' title='bbox 1203 1899 1264 1953; x_wconf 85' lang='lat' dir='ltr'><strong>Sal-</strong></span> 
     </span>
     <span class='ocr_line' id='line_1_17' title="bbox 214 1974 1288 2056; baseline -0.006 -16"><span class='ocrx_word' id='word_1_149' title='bbox 214 1992 268 2040; x_wconf 75' lang='lat' dir='ltr'><strong>tem</strong></span> <span class='ocrx_word' id='word_1_150' title='bbox 284 1994 378 2038; x_wconf 82' lang='lat' dir='ltr'><strong>sersus</strong></span> <span class='ocrx_word' id='word_1_151' title='bbox 397 1994 452 2033; x_wconf 89' lang='lat' dir='ltr'><strong>uon</strong></span> <span class='ocrx_word' id='word_1_152' title='bbox 468 1978 620 2056; x_wconf 38' lang='lat' dir='ltr'><strong>reclamat,⁸</strong></span> <span class='ocrx_word' id='word_1_153' title='bbox 643 1979 702 2031; x_wconf 85' lang='lat' dir='ltr'><strong>siro</strong></span> <span class='ocrx_word' id='word_1_154' title='bbox 725 1975 832 2030; x_wconf 86' lang='lat' dir='ltr'><strong>scribas</strong></span> <span class='ocrx_word' id='word_1_155' title='bbox 856 1974 908 2045; x_wconf 81' lang='grc' dir='ltr'><strong><em>οιῆ</em></strong></span> <span class='ocrx_word' id='word_1_156' title='bbox 932 1977 963 2032; x_wconf 77' lang='lat' dir='ltr'><strong>ei&#39;</strong></span> <span class='ocrx_word' id='word_1_157' title='bbox 990 1977 1134 2053; x_wconf 73' lang='grc' dir='ltr'><strong><em>ὅγ’έριιν,</em></strong></span> <span class='ocrx_word' id='word_1_158' title='bbox 1159 1980 1213 2039; x_wconf 76' lang='lat' dir='ltr'><strong>dud</strong></span> <span class='ocrx_word' id='word_1_159' title='bbox 1233 1983 1288 2048; x_wconf 37' lang='lat' dir='ltr'><strong>o·-</strong></span> 
     </span>
     <span class='ocr_line' id='line_1_18' title="bbox 216 2061 1263 2142; baseline -0.002 -18"><span class='ocrx_word' id='word_1_160' title='bbox 216 2071 232 2126; x_wconf 84' lang='lat' dir='ltr'><strong>d</strong></span> <span class='ocrx_word' id='word_1_161' title='bbox 256 2070 461 2138; x_wconf 71' lang='grc' dir='ltr'><strong><em>πτολίπορθος</em></strong></span> <span class='ocrx_word' id='word_1_162' title='bbox 481 2061 647 2130; x_wconf 79' lang='grc' dir='ltr'><strong><em>Ὀδυσσεύς,</em></strong></span> <span class='ocrx_word' id='word_1_163' title='bbox 680 2065 738 2117; x_wconf 82' lang='lat' dir='ltr'><strong>site</strong></span> <span class='ocrx_word' id='word_1_164' title='bbox 765 2062 796 2115; x_wconf 79' lang='lat' dir='ltr'><strong>dd</strong></span> <span class='ocrx_word' id='word_1_165' title='bbox 820 2064 929 2137; x_wconf 78' lang='grc' dir='ltr'><strong><em>γέρων,</em></strong></span> <span class='ocrx_word' id='word_1_166' title='bbox 954 2064 986 2116; x_wconf 72' lang='grc' dir='ltr'><strong>δὲ</strong></span> <span class='ocrx_word' id='word_1_167' title='bbox 1002 2067 1207 2142; x_wconf 73' lang='grc' dir='ltr'><strong><em>πτολίπορθος</em></strong></span> <span class='ocrx_word' id='word_1_168' title='bbox 1225 2065 1263 2124; x_wconf 87' lang='grc' dir='ltr'><strong>Ὀ.</strong></span> 
     </span>
    </p>
   </div>
   <div class='ocr_carea' id='block_1_5' title="bbox 214 2157 367 2221">
    <p class='ocr_par' dir='ltr' id='par_1_5' title="bbox 214 2157 367 2221">
     <span class='ocr_line' id='line_1_19' title="bbox 214 2157 367 2221; baseline -0.052 -9"><span class='ocrx_word' id='word_1_169' title='bbox 214 2157 246 2214; x_wconf 92' lang='lat' dir='ltr'><strong>lt.</strong></span> <span class='ocrx_word' id='word_1_170' title='bbox 264 2161 290 2221; x_wconf 83' lang='grc' dir='ltr'><strong>β.</strong></span> <span class='ocrx_word' id='word_1_171' title='bbox 308 2157 367 2209; x_wconf 97' lang='grc'><strong>278.</strong></span> 
     </span>
    </p>
   </div>
   <div class='ocr_carea' id='block_1_6' title="bbox 143 2237 1265 4456">
    <p class='ocr_par' dir='ltr' id='par_1_6' title="bbox 143 2237 1265 3771">
     <span class='ocr_line' id='line_1_20' title="bbox 143 2237 1262 2332; baseline -0.004 -21"><span class='ocrx_word' id='word_1_172' title='bbox 143 2259 193 2332; x_wconf 83' lang='grc'><strong>77)</strong></span> <span class='ocrx_word' id='word_1_173' title='bbox 211 2256 259 2311; x_wconf 85' lang='lat' dir='ltr'><strong>llis</strong></span> <span class='ocrx_word' id='word_1_174' title='bbox 278 2263 443 2324; x_wconf 87' lang='lat' dir='ltr'><strong>apponamus</strong></span> <span class='ocrx_word' id='word_1_175' title='bbox 463 2247 593 2318; x_wconf 80' lang='lat' dir='ltr'><strong>quaedam</strong></span> <span class='ocrx_word' id='word_1_176' title='bbox 610 2261 660 2316; x_wconf 90' lang='lat' dir='ltr'><strong>per</strong></span> <span class='ocrx_word' id='word_1_177' title='bbox 677 2251 811 2312; x_wconf 78' lang='lat' dir='ltr'><strong>naturam,</strong></span> <span class='ocrx_word' id='word_1_178' title='bbox 833 2245 867 2301; x_wconf 91' lang='lat' dir='ltr'><strong>ob</strong></span> <span class='ocrx_word' id='word_1_179' title='bbox 887 2237 955 2317; x_wconf 72' lang='lat' dir='ltr'><strong>quac</strong></span> <span class='ocrx_word' id='word_1_180' title='bbox 972 2246 1003 2302; x_wconf 91' lang='lat' dir='ltr'><strong>Z.</strong></span> <span class='ocrx_word' id='word_1_181' title='bbox 1021 2262 1104 2319; x_wconf 88' lang='lat' dir='ltr'><strong>saepe</strong></span> <span class='ocrx_word' id='word_1_182' title='bbox 1123 2253 1262 2322; x_wconf 84' lang='lat' dir='ltr'><strong>vitupera-</strong></span> 
     </span>
     <span class='ocr_line' id='line_1_21' title="bbox 212 2327 1264 2410; baseline -0.002 -15"><span class='ocrx_word' id='word_1_183' title='bbox 212 2348 258 2395; x_wconf 86' lang='lat' dir='ltr'><strong>tur</strong></span> <span class='ocrx_word' id='word_1_184' title='bbox 275 2344 302 2393; x_wconf 91' lang='lat' dir='ltr'><strong>et</strong></span> <span class='ocrx_word' id='word_1_185' title='bbox 320 2339 394 2404; x_wconf 80' lang='lat' dir='ltr'><strong>diple</strong></span> <span class='ocrx_word' id='word_1_186' title='bbox 414 2341 524 2388; x_wconf 88' lang='lat' dir='ltr'><strong>notator</strong></span> <span class='ocrx_word' id='word_1_187' title='bbox 541 2336 569 2386; x_wconf 89' lang='lat' dir='ltr'><strong>in</strong></span> <span class='ocrx_word' id='word_1_188' title='bbox 592 2330 692 2390; x_wconf 89' lang='lat' dir='ltr'><strong>Schotl.</strong></span> <span class='ocrx_word' id='word_1_189' title='bbox 727 2335 765 2384; x_wconf 84' lang='lat' dir='ltr'><strong>A.</strong></span> <span class='ocrx_word' id='word_1_190' title='bbox 783 2337 843 2390; x_wconf 87' lang='grc'><strong>729.</strong></span> <span class='ocrx_word' id='word_1_191' title='bbox 861 2327 1015 2388; x_wconf 76' lang='lat' dir='ltr'><strong>contudisse</strong></span> <span class='ocrx_word' id='word_1_192' title='bbox 1031 2333 1130 2389; x_wconf 90' lang='lat' dir='ltr'><strong>dtottur</strong></span> <span class='ocrx_word' id='word_1_193' title='bbox 1148 2335 1264 2410; x_wconf 74' lang='grc' dir='ltr'><strong><em>δόρπον</em></strong></span> 
     </span>
     <span class='ocr_line' id='line_1_22' title="bbox 213 2414 1265 2494; baseline -0.01 -12"><span class='ocrx_word' id='word_1_194' title='bbox 213 2433 240 2482; x_wconf 87' lang='lat' dir='ltr'><strong>ei</strong></span> <span class='ocrx_word' id='word_1_195' title='bbox 259 2424 396 2484; x_wconf 80' lang='grc' dir='ltr'><strong><em>δεῖπνον,</em></strong></span> <span class='ocrx_word' id='word_1_196' title='bbox 421 2435 445 2472; x_wconf 85' lang='grc' dir='ltr'><strong>ν.</strong></span> <span class='ocrx_word' id='word_1_197' title='bbox 462 2421 522 2474; x_wconf 87' lang='grc'><strong>610.</strong></span> <span class='ocrx_word' id='word_1_198' title='bbox 541 2414 689 2493; x_wconf 75' lang='grc' dir='ltr'><strong><em>μάχαιραν</em></strong></span> <span class='ocrx_word' id='word_1_199' title='bbox 709 2423 735 2472; x_wconf 86' lang='lat' dir='ltr'><strong>et</strong></span> <span class='ocrx_word' id='word_1_200' title='bbox 753 2419 851 2489; x_wconf 67' lang='lat' dir='ltr'><strong>dictos,</strong></span> <span class='ocrx_word' id='word_1_201' title='bbox 877 2433 903 2470; x_wconf 92' lang='grc' dir='ltr'><strong>σ.</strong></span> <span class='ocrx_word' id='word_1_202' title='bbox 921 2421 982 2477; x_wconf 90' lang='grc'><strong>247.</strong></span> <span class='ocrx_word' id='word_1_203' title='bbox 1018 2439 1041 2473; x_wconf 83' lang='grc' dir='ltr'><strong>τ.</strong></span> <span class='ocrx_word' id='word_1_204' title='bbox 1063 2424 1104 2478; x_wconf 88' lang='grc'><strong>14.</strong></span> <span class='ocrx_word' id='word_1_205' title='bbox 1122 2419 1218 2494; x_wconf 72' lang='grc' dir='ltr'><strong><em>φόβον</em></strong></span> <span class='ocrx_word' id='word_1_206' title='bbox 1237 2431 1265 2480; x_wconf 78' lang='lat' dir='ltr'><strong>et</strong></span> 
     </span>
     <span class='ocr_line' id='line_1_23' title="bbox 212 2499 1263 2581; baseline -0.005 -17"><span class='ocrx_word' id='word_1_207' title='bbox 212 2505 287 2570; x_wconf 69' lang='grc' dir='ltr'><strong><em>δέος.</em></strong></span> <span class='ocrx_word' id='word_1_208' title='bbox 333 2507 504 2568; x_wconf 53' lang='lat' dir='ltr'><strong>&amp;sifi-198.</strong></span> <span class='ocrx_word' id='word_1_209' title='bbox 530 2501 668 2580; x_wconf 66' lang='lat' dir='ltr'><strong>scribebat</strong></span> <span class='ocrx_word' id='word_1_210' title='bbox 693 2499 780 2573; x_wconf 77' lang='grc' dir='ltr'><strong><em>ὄρῆτο</em></strong></span> <span class='ocrx_word' id='word_1_211' title='bbox 806 2517 856 2571; x_wconf 83' lang='lat' dir='ltr'><strong>pto</strong></span> <span class='ocrx_word' id='word_1_212' title='bbox 883 2500 985 2574; x_wconf 75' lang='grc' dir='ltr'><strong><em>ὁρᾶτο,</em></strong></span> <span class='ocrx_word' id='word_1_213' title='bbox 1019 2509 1080 2562; x_wconf 81' lang='grc'><strong>530.</strong></span> <span class='ocrx_word' id='word_1_214' title='bbox 1108 2506 1212 2581; x_wconf 75' lang='grc' dir='ltr'><strong><em>κρητός</em></strong></span> <span class='ocrx_word' id='word_1_215' title='bbox 1236 2526 1263 2581; x_wconf 79' lang='lat' dir='ltr'><strong>p.</strong></span> 
     </span>
     <span class='ocr_line' id='line_1_24' title="bbox 213 2585 1262 2670; baseline -0.001 -22"><span class='ocrx_word' id='word_1_216' title='bbox 213 2591 332 2670; x_wconf 74' lang='grc' dir='ltr'><strong><em>κρατός,</em></strong></span> <span class='ocrx_word' id='word_1_217' title='bbox 365 2594 392 2646; x_wconf 84' lang='lat' dir='ltr'><strong>in</strong></span> <span class='ocrx_word' id='word_1_218' title='bbox 417 2589 514 2661; x_wconf 86' lang='lat' dir='ltr'><strong>quibas</strong></span> <span class='ocrx_word' id='word_1_219' title='bbox 538 2594 650 2658; x_wconf 91' lang='lat' dir='ltr'><strong>propter</strong></span> <span class='ocrx_word' id='word_1_220' title='bbox 674 2587 801 2640; x_wconf 86' lang='lat' dir='ltr'><strong>contusas</strong></span> <span class='ocrx_word' id='word_1_221' title='bbox 826 2585 958 2640; x_wconf 86' lang='lat' dir='ltr'><strong>dialectos</strong></span> <span class='ocrx_word' id='word_1_222' title='bbox 983 2589 1197 2660; x_wconf 70' lang='lat' dir='ltr'><strong>reprehenditur.</strong></span> <span class='ocrx_word' id='word_1_223' title='bbox 1233 2600 1262 2647; x_wconf 87' lang='grc' dir='ltr'><strong>Γ.</strong></span> 
     </span>
     <span class='ocr_line' id='line_1_25' title="bbox 211 2663 1262 2748; baseline 0 -16"><span class='ocrx_word' id='word_1_224' title='bbox 211 2686 273 2741; x_wconf 78' lang='lat'><strong>459.</strong></span> <span class='ocrx_word' id='word_1_225' title='bbox 293 2683 416 2742; x_wconf 89' lang='lat' dir='ltr'><strong>notatur,</strong></span> <span class='ocrx_word' id='word_1_226' title='bbox 447 2677 519 2748; x_wconf 83' lang='lat' dir='ltr'><strong>quod</strong></span> <span class='ocrx_word' id='word_1_227' title='bbox 545 2674 702 2729; x_wconf 78' lang='lat' dir='ltr'><strong>intinitisum</strong></span> <span class='ocrx_word' id='word_1_228' title='bbox 730 2673 864 2742; x_wconf 86' lang='lat' dir='ltr'><strong>potestate</strong></span> <span class='ocrx_word' id='word_1_229' title='bbox 878 2663 1033 2742; x_wconf 79' lang='lat' dir='ltr'><strong>&#39;imperandi</strong></span> <span class='ocrx_word' id='word_1_230' title='bbox 1053 2677 1207 2748; x_wconf 80' lang='lat' dir='ltr'><strong>ignorarit3</strong></span> <span class='ocrx_word' id='word_1_231' title='bbox 1237 2681 1262 2742; x_wconf 80' lang='grc' dir='ltr'><strong>ξ.</strong></span> 
     </span>
     <span class='ocr_line' id='line_1_26' title="bbox 213 2756 1261 2837; baseline -0.004 -19"><span class='ocrx_word' id='word_1_232' title='bbox 213 2772 271 2826; x_wconf 79' lang='grc'><strong>162.</strong></span> <span class='ocrx_word' id='word_1_233' title='bbox 291 2762 363 2837; x_wconf 86' lang='lat' dir='ltr'><strong>quod</strong></span> <span class='ocrx_word' id='word_1_234' title='bbox 387 2759 498 2828; x_wconf 76' lang='grc' dir='ltr'><strong><em>ἑαυτὴν·</em></strong></span> <span class='ocrx_word' id='word_1_235' title='bbox 510 2775 560 2830; x_wconf 91' lang='lat' dir='ltr'><strong>pro</strong></span> <span class='ocrx_word' id='word_1_236' title='bbox 579 2775 633 2813; x_wconf 91' lang='lat' dir='ltr'><strong>ono</strong></span> <span class='ocrx_word' id='word_1_237' title='bbox 650 2758 783 2812; x_wconf 80' lang='lat' dir='ltr'><strong>uocabulo</strong></span> <span class='ocrx_word' id='word_1_238' title='bbox 802 2756 942 2822; x_wconf 87' lang='lat' dir='ltr'><strong>babuerit;</strong></span> <span class='ocrx_word' id='word_1_239' title='bbox 977 2756 1111 2828; x_wconf 76' lang='grc' dir='ltr'><strong><em>(ἀγνοεῖν</em></strong></span> <span class='ocrx_word' id='word_1_240' title='bbox 1129 2759 1180 2829; x_wconf 72' lang='grc' dir='ltr'><strong>τὴν</strong></span> <span class='ocrx_word' id='word_1_241' title='bbox 1197 2763 1261 2815; x_wconf 83' lang='lat' dir='ltr'><strong>dee-</strong></span> 
     </span>
     <span class='ocr_line' id='line_1_27' title="bbox 212 2839 1262 2926; baseline 0.004 -26"><span class='ocrx_word' id='word_1_242' title='bbox 212 2847 310 2926; x_wconf 79' lang='grc' dir='ltr'><strong><em>φορὰν</em></strong></span> <span class='ocrx_word' id='word_1_243' title='bbox 328 2844 418 2906; x_wconf 79' lang='grc' dir='ltr'><strong><em>αὐτόν</em></strong></span> <span class='ocrx_word' id='word_1_244' title='bbox 435 2839 752 2918; x_wconf 74' lang='grc' dir='ltr'><strong><em>φηοιν,Ἀρίστορχοςτ</em></strong></span> <span class='ocrx_word' id='word_1_245' title='bbox 781 2841 815 2896; x_wconf 80' lang='lat' dir='ltr'><strong>ol.</strong></span> <span class='ocrx_word' id='word_1_246' title='bbox 835 2840 908 2899; x_wconf 77' lang='lat' dir='ltr'><strong>Reiz·</strong></span> <span class='ocrx_word' id='word_1_247' title='bbox 926 2841 962 2895; x_wconf 79' lang='lat' dir='ltr'><strong>tid</strong></span> <span class='ocrx_word' id='word_1_248' title='bbox 981 2841 1084 2914; x_wconf 69' lang='lat' dir='ltr'><strong>Theog.</strong></span> <span class='ocrx_word' id='word_1_249' title='bbox 1105 2841 1262 2918; x_wconf 76' lang='lat' dir='ltr'><strong>Hct.‚470.)</strong></span> 
     </span>
     <span class='ocr_line' id='line_1_28' title="bbox 214 2927 1260 3002; baseline -0.004 -12"><span class='ocrx_word' id='word_1_250' title='bbox 214 2939 319 2994; x_wconf 61' lang='grc'><strong>(1393.</strong></span> <span class='ocrx_word' id='word_1_251' title='bbox 356 2953 383 2989; x_wconf 76' lang='grc' dir='ltr'><strong>ο.</strong></span> <span class='ocrx_word' id='word_1_252' title='bbox 400 2937 460 2990; x_wconf 89' lang='grc'><strong>138.</strong></span> <span class='ocrx_word' id='word_1_253' title='bbox 496 2951 519 2986; x_wconf 87' lang='grc' dir='ltr'><strong>τ.</strong></span> <span class='ocrx_word' id='word_1_254' title='bbox 538 2933 600 2987; x_wconf 82' lang='grc'><strong>342.</strong></span> <span class='ocrx_word' id='word_1_255' title='bbox 634 2947 664 2984; x_wconf 90' lang='grc' dir='ltr'><strong>ω.</strong></span> <span class='ocrx_word' id='word_1_256' title='bbox 684 2932 744 2985; x_wconf 89' lang='grc'><strong>528.</strong></span> <span class='ocrx_word' id='word_1_257' title='bbox 764 2931 823 2986; x_wconf 89' lang='grc'><strong>550.</strong></span> <span class='ocrx_word' id='word_1_258' title='bbox 844 2927 916 2999; x_wconf 86' lang='lat' dir='ltr'><strong>quod</strong></span> <span class='ocrx_word' id='word_1_259' title='bbox 936 2927 1040 2984; x_wconf 86' lang='lat' dir='ltr'><strong>dederit</strong></span> <span class='ocrx_word' id='word_1_260' title='bbox 1056 2930 1118 2984; x_wconf 76' lang='lat' dir='ltr'><strong>doto</strong></span> <span class='ocrx_word' id='word_1_261' title='bbox 1138 2947 1163 3002; x_wconf 93' lang='lat' dir='ltr'><strong>p.</strong></span> <span class='ocrx_word' id='word_1_262' title='bbox 1182 2931 1260 3002; x_wconf 81' lang='grc' dir='ltr'><strong><em>ἑῆος;</em></strong></span> 
     </span>
     <span class='ocr_line' id='line_1_29' title="bbox 211 3010 1260 3092; baseline 0.001 -20"><span class='ocrx_word' id='word_1_263' title='bbox 211 3031 238 3092; x_wconf 74' lang='grc' dir='ltr'><strong>μ,</strong></span> <span class='ocrx_word' id='word_1_264' title='bbox 255 3027 314 3081; x_wconf 79' lang='grc'><strong>302.</strong></span> <span class='ocrx_word' id='word_1_265' title='bbox 359 3038 384 3089; x_wconf 87' lang='grc' dir='ltr'><strong>γ.</strong></span> <span class='ocrx_word' id='word_1_266' title='bbox 405 3024 465 3076; x_wconf 88' lang='grc'><strong>280.</strong></span> <span class='ocrx_word' id='word_1_267' title='bbox 507 3021 530 3078; x_wconf 84' lang='grc' dir='ltr'><strong>ξ.</strong></span> <span class='ocrx_word' id='word_1_268' title='bbox 548 3018 608 3074; x_wconf 84' lang='grc'><strong>274.</strong></span> <span class='ocrx_word' id='word_1_269' title='bbox 629 3013 700 3086; x_wconf 88' lang='lat' dir='ltr'><strong>quod</strong></span> <span class='ocrx_word' id='word_1_270' title='bbox 726 3010 889 3086; x_wconf 82' lang='grc' dir='ltr'><strong><em>μαρτύρους</em></strong></span> <span class='ocrx_word' id='word_1_271' title='bbox 914 3017 942 3068; x_wconf 89' lang='lat' dir='ltr'><strong>in</strong></span> <span class='ocrx_word' id='word_1_272' title='bbox 967 3011 1117 3090; x_wconf 77' lang='grc' dir='ltr'><strong><em>μάρτυρος</em></strong></span> <span class='ocrx_word' id='word_1_273' title='bbox 1142 3021 1260 3085; x_wconf 85' lang='lat' dir='ltr'><strong>mutarit,</strong></span> 
     </span>
     <span class='ocr_line' id='line_1_30' title="bbox 212 3100 1261 3180; baseline -0.002 -18"><span class='ocrx_word' id='word_1_274' title='bbox 212 3109 245 3162; x_wconf 93' lang='lat' dir='ltr'><strong>de</strong></span> <span class='ocrx_word' id='word_1_275' title='bbox 268 3111 341 3161; x_wconf 88' lang='lat' dir='ltr'><strong>certo</strong></span> <span class='ocrx_word' id='word_1_276' title='bbox 367 3103 489 3172; x_wconf 87' lang='lat' dir='ltr'><strong>exemplo</strong></span> <span class='ocrx_word' id='word_1_277' title='bbox 511 3100 607 3171; x_wconf 70' lang='lat' dir='ltr'><strong>odyss.</strong></span> <span class='ocrx_word' id='word_1_278' title='bbox 627 3119 658 3155; x_wconf 89' lang='grc' dir='ltr'><strong>π.</strong></span> <span class='ocrx_word' id='word_1_279' title='bbox 677 3103 738 3156; x_wconf 87' lang='grc'><strong>423.</strong></span> <span class='ocrx_word' id='word_1_280' title='bbox 760 3115 887 3180; x_wconf 79' lang='lat' dir='ltr'><strong>securus3</strong></span> <span class='ocrx_word' id='word_1_281' title='bbox 921 3119 949 3170; x_wconf 85' lang='grc' dir='ltr'><strong>γ,</strong></span> <span class='ocrx_word' id='word_1_282' title='bbox 967 3105 1028 3157; x_wconf 85' lang='grc'><strong>244.</strong></span> <span class='ocrx_word' id='word_1_283' title='bbox 1063 3105 1086 3156; x_wconf 93' lang='grc' dir='ltr'><strong>λ,</strong></span> <span class='ocrx_word' id='word_1_284' title='bbox 1111 3107 1169 3160; x_wconf 85' lang='grc'><strong>142.</strong></span> <span class='ocrx_word' id='word_1_285' title='bbox 1188 3106 1261 3175; x_wconf 85' lang='lat' dir='ltr'><strong>quod</strong></span> 
     </span>
     <span class='ocr_line' id='line_1_31' title="bbox 211 3182 1262 3262; baseline -0.001 -18"><span class='ocrx_word' id='word_1_286' title='bbox 211 3190 363 3262; x_wconf 80' lang='lat' dir='ltr'><strong>neglexerit</strong></span> <span class='ocrx_word' id='word_1_287' title='bbox 381 3201 470 3242; x_wconf 85' lang='lat' dir='ltr'><strong>ueram</strong></span> <span class='ocrx_word' id='word_1_288' title='bbox 488 3185 540 3240; x_wconf 83' lang='lat' dir='ltr'><strong>airu</strong></span> <span class='ocrx_word' id='word_1_289' title='bbox 558 3189 744 3256; x_wconf 82' lang='lat' dir='ltr'><strong>pronominum</strong></span> <span class='ocrx_word' id='word_1_290' title='bbox 765 3182 841 3256; x_wconf 79' lang='grc' dir='ltr'><strong><em>σῳός</em></strong></span> <span class='ocrx_word' id='word_1_291' title='bbox 858 3191 884 3239; x_wconf 86' lang='lat' dir='ltr'><strong>et</strong></span> <span class='ocrx_word' id='word_1_292' title='bbox 903 3183 965 3250; x_wconf 81' lang='grc' dir='ltr'><strong><em>ἑός,</em></strong></span> <span class='ocrx_word' id='word_1_293' title='bbox 986 3201 1055 3255; x_wconf 88' lang='lat' dir='ltr'><strong>quae</strong></span> <span class='ocrx_word' id='word_1_294' title='bbox 1073 3189 1179 3256; x_wconf 81' lang='lat' dir='ltr'><strong>quidem</strong></span> <span class='ocrx_word' id='word_1_295' title='bbox 1197 3196 1262 3259; x_wconf 91' lang='lat' dir='ltr'><strong>post</strong></span> 
     </span>
     <span class='ocr_line' id='line_1_32' title="bbox 211 3269 1259 3346; baseline -0.012 -16"><span class='ocrx_word' id='word_1_296' title='bbox 211 3279 296 3346; x_wconf 86' lang='lat' dir='ltr'><strong>ipsun</strong></span> <span class='ocrx_word' id='word_1_297' title='bbox 315 3275 392 3327; x_wconf 88' lang='lat' dir='ltr'><strong>unice</strong></span> <span class='ocrx_word' id='word_1_298' title='bbox 410 3273 530 3343; x_wconf 76' lang='lat' dir='ltr'><strong>legitima</strong></span> <span class='ocrx_word' id='word_1_299' title='bbox 549 3272 716 3340; x_wconf 84' lang='lat' dir='ltr'><strong>ponebatur3</strong></span> <span class='ocrx_word' id='word_1_300' title='bbox 743 3273 765 3330; x_wconf 80' lang='grc' dir='ltr'><strong>ξ.</strong></span> <span class='ocrx_word' id='word_1_301' title='bbox 782 3272 842 3326; x_wconf 85' lang='grc'><strong>469.</strong></span> <span class='ocrx_word' id='word_1_302' title='bbox 861 3269 932 3338; x_wconf 83' lang='lat' dir='ltr'><strong>quod</strong></span> <span class='ocrx_word' id='word_1_303' title='bbox 952 3269 1035 3323; x_wconf 87' lang='lat' dir='ltr'><strong>uerbo</strong></span> <span class='ocrx_word' id='word_1_304' title='bbox 1054 3269 1192 3341; x_wconf 80' lang='grc' dir='ltr'><strong><em>γεγώνειν</em></strong></span> <span class='ocrx_word' id='word_1_305' title='bbox 1211 3273 1259 3331; x_wconf 82' lang='lat' dir='ltr'><strong>ad.</strong></span> 
     </span>
     <span class='ocr_line' id='line_1_33' title="bbox 205 3349 1258 3428; baseline 0.001 -15"><span class='ocrx_word' id='word_1_306' title='bbox 205 3359 311 3414; x_wconf 87' lang='lat' dir='ltr'><strong>&#39;diderit</strong></span> <span class='ocrx_word' id='word_1_307' title='bbox 332 3373 420 3413; x_wconf 84' lang='lat' dir='ltr'><strong>casnm</strong></span> <span class='ocrx_word' id='word_1_308' title='bbox 446 3362 584 3428; x_wconf 80' lang='lat' dir='ltr'><strong>quartum:</strong></span> <span class='ocrx_word' id='word_1_309' title='bbox 618 3359 646 3409; x_wconf 92' lang='lat' dir='ltr'><strong>in</strong></span> <span class='ocrx_word' id='word_1_310' title='bbox 673 3365 738 3427; x_wconf 82' lang='lat' dir='ltr'><strong>quo·</strong></span> <span class='ocrx_word' id='word_1_311' title='bbox 754 3359 827 3409; x_wconf 86' lang='lat' dir='ltr'><strong>certe</strong></span> <span class='ocrx_word' id='word_1_312' title='bbox 852 3366 906 3407; x_wconf 89' lang='lat' dir='ltr'><strong>non</strong></span> <span class='ocrx_word' id='word_1_313' title='bbox 929 3357 1015 3423; x_wconf 89' lang='lat' dir='ltr'><strong>potuit</strong></span> <span class='ocrx_word' id='word_1_314' title='bbox 1038 3349 1165 3412; x_wconf 78' lang='lat' dir='ltr'><strong>constans</strong></span> <span class='ocrx_word' id='word_1_315' title='bbox 1189 3374 1258 3426; x_wconf 86' lang='lat' dir='ltr'><strong>csse,</strong></span> 
     </span>
     <span class='ocr_line' id='line_1_34' title="bbox 211 3435 1260 3520; baseline 0 -22"><span class='ocrx_word' id='word_1_316' title='bbox 211 3462 289 3520; x_wconf 82' lang='lat' dir='ltr'><strong>quum</strong></span> <span class='ocrx_word' id='word_1_317' title='bbox 308 3446 369 3508; x_wconf 89' lang='lat' dir='ltr'><strong>tiis,</strong></span> <span class='ocrx_word' id='word_1_318' title='bbox 392 3447 537 3499; x_wconf 86' lang='grc' dir='ltr'><strong><em>Δαναοῖσι</em></strong></span> <span class='ocrx_word' id='word_1_319' title='bbox 551 3437 684 3511; x_wconf 79' lang='grc' dir='ltr'><strong><em>γεγωνώς</em></strong></span> <span class='ocrx_word' id='word_1_320' title='bbox 690 3478 699 3503; x_wconf 86' lang='grc'><strong><em>,</em></strong></span> <span class='ocrx_word' id='word_1_321' title='bbox 720 3435 852 3512; x_wconf 83' lang='grc' dir='ltr'><strong><em>Τρώεσσι</em></strong></span> <span class='ocrx_word' id='word_1_322' title='bbox 867 3437 1004 3510; x_wconf 81' lang='grc' dir='ltr'><strong><em>γεγωνώς</em></strong></span> <span class='ocrx_word' id='word_1_323' title='bbox 1022 3447 1049 3496; x_wconf 86' lang='lat' dir='ltr'><strong>el</strong></span> <span class='ocrx_word' id='word_1_324' title='bbox 1065 3443 1164 3496; x_wconf 80' lang='lat' dir='ltr'><strong>similia</strong></span> <span class='ocrx_word' id='word_1_325' title='bbox 1181 3443 1260 3512; x_wconf 80' lang='lat' dir='ltr'><strong>plura</strong></span> 
     </span>
     <span class='ocr_line' id='line_1_35' title="bbox 211 3517 1259 3600; baseline 0.002 -16"><span class='ocrx_word' id='word_1_326' title='bbox 211 3532 291 3588; x_wconf 87' lang='lat' dir='ltr'><strong>talem</strong></span> <span class='ocrx_word' id='word_1_327' title='bbox 317 3532 488 3583; x_wconf 87' lang='lat' dir='ltr'><strong>mutationem</strong></span> <span class='ocrx_word' id='word_1_328' title='bbox 512 3530 684 3597; x_wconf 88' lang='lat' dir='ltr'><strong>respuerent:</strong></span> <span class='ocrx_word' id='word_1_329' title='bbox 717 3544 743 3594; x_wconf 88' lang='grc' dir='ltr'><strong>γ.</strong></span> <span class='ocrx_word' id='word_1_330' title='bbox 763 3531 865 3584; x_wconf 83' lang='grc'><strong>71.“92.</strong></span> <span class='ocrx_word' id='word_1_331' title='bbox 902 3545 926 3593; x_wconf 87' lang='grc' dir='ltr'><strong>η.</strong></span> <span class='ocrx_word' id='word_1_332' title='bbox 945 3530 1004 3584; x_wconf 80' lang='lat' dir='ltr'><strong>iii.</strong></span> <span class='ocrx_word' id='word_1_333' title='bbox 1023 3517 1094 3598; x_wconf 83' lang='lat' dir='ltr'><strong>quod</strong></span> <span class='ocrx_word' id='word_1_334' title='bbox 1122 3525 1259 3600; x_wconf 77' lang='grc' dir='ltr'><strong><em>ἀμείνων,</em></strong></span> 
     </span>
     <span class='ocr_line' id='line_1_36' title="bbox 209 3611 1260 3688; baseline -0.003 -19"><span class='ocrx_word' id='word_1_335' title='bbox 209 3619 336 3688; x_wconf 80' lang='grc' dir='ltr'><strong><em>γλυκίων</em></strong></span> <span class='ocrx_word' id='word_1_336' title='bbox 352 3621 380 3669; x_wconf 91' lang='lat' dir='ltr'><strong>et</strong></span> <span class='ocrx_word' id='word_1_337' title='bbox 398 3615 454 3668; x_wconf 91' lang='lat' dir='ltr'><strong>alla</strong></span> <span class='ocrx_word' id='word_1_338' title='bbox 471 3612 548 3667; x_wconf 88' lang='lat' dir='ltr'><strong>buius</strong></span> <span class='ocrx_word' id='word_1_339' title='bbox 569 3613 672 3667; x_wconf 81' lang='lat' dir='ltr'><strong>formae</strong></span> <span class='ocrx_word' id='word_1_340' title='bbox 690 3613 833 3681; x_wconf 83' lang='lat' dir='ltr'><strong>scripserit</strong></span> <span class='ocrx_word' id='word_1_341' title='bbox 851 3614 909 3667; x_wconf 87' lang='lat' dir='ltr'><strong>sine</strong></span> <span class='ocrx_word' id='word_1_342' title='bbox 929 3613 1147 3672; x_wconf 72' lang='lat' dir='ltr'><strong>attinentium,</strong></span> <span class='ocrx_word' id='word_1_343' title='bbox 1173 3611 1260 3686; x_wconf 78' lang='grc' dir='ltr'><strong><em>ἀμεί-</em></strong></span> 
     </span>
     <span class='ocr_line' id='line_1_37' title="bbox 210 3697 1259 3771; baseline -0.006 -13"><span class='ocrx_word' id='word_1_344' title='bbox 210 3720 266 3766; x_wconf 89' lang='grc' dir='ltr'><strong>νω,</strong></span> <span class='ocrx_word' id='word_1_345' title='bbox 294 3704 413 3771; x_wconf 71' lang='lat' dir='ltr'><strong>picato:</strong></span> <span class='ocrx_word' id='word_1_346' title='bbox 451 3715 504 3771; x_wconf 82' lang='lat' dir='ltr'><strong>quo</strong></span> <span class='ocrx_word' id='word_1_347' title='bbox 531 3711 596 3752; x_wconf 85' lang='lat' dir='ltr'><strong>sane</strong></span> <span class='ocrx_word' id='word_1_348' title='bbox 622 3697 688 3751; x_wconf 87' lang='lat' dir='ltr'><strong>nibil</strong></span> <span class='ocrx_word' id='word_1_349' title='bbox 714 3697 858 3752; x_wconf 83' lang='lat' dir='ltr'><strong>absurdius</strong></span> <span class='ocrx_word' id='word_1_350' title='bbox 885 3703 927 3752; x_wconf 91' lang='lat' dir='ltr'><strong>est</strong></span> <span class='ocrx_word' id='word_1_351' title='bbox 951 3703 978 3752; x_wconf 90' lang='lat' dir='ltr'><strong>et</strong></span> <span class='ocrx_word' id='word_1_352' title='bbox 1002 3699 1147 3768; x_wconf 79' lang='lat' dir='ltr'><strong>analogiae</strong></span> <span class='ocrx_word' id='word_1_353' title='bbox 1172 3699 1259 3768; x_wconf 82' lang='lat' dir='ltr'><strong>magis</strong></span> 
     </span>
    </p>

    <p class='ocr_par' dir='ltr' id='par_1_7' title="bbox 149 3777 1262 4456">
     <span class='ocr_line' id='line_1_38' title="bbox 149 3777 1259 3858; baseline -0.004 -17"><span class='ocrx_word' id='word_1_354' title='bbox 149 3789 157 3804; x_wconf 79' lang='lat'><em>⁶</em></span> <span class='ocrx_word' id='word_1_355' title='bbox 211 3800 381 3858; x_wconf 80' lang='lat' dir='ltr'><strong>repugnans:</strong></span> <span class='ocrx_word' id='word_1_356' title='bbox 409 3791 436 3853; x_wconf 78' lang='grc' dir='ltr'><strong>β.</strong></span> <span class='ocrx_word' id='word_1_357' title='bbox 455 3787 497 3842; x_wconf 88' lang='grc'><strong>36.</strong></span> <span class='ocrx_word' id='word_1_358' title='bbox 516 3782 589 3855; x_wconf 84' lang='lat' dir='ltr'><strong>quod</strong></span> <span class='ocrx_word' id='word_1_359' title='bbox 611 3783 696 3839; x_wconf 86' lang='lat' dir='ltr'><strong>uerba</strong></span> <span class='ocrx_word' id='word_1_360' title='bbox 719 3782 867 3855; x_wconf 74' lang='lat' dir='ltr'><strong>singularis</strong></span> <span class='ocrx_word' id='word_1_361' title='bbox 885 3777 988 3839; x_wconf 80' lang='lat' dir='ltr'><strong>numeri</strong></span> <span class='ocrx_word' id='word_1_362' title='bbox 1006 3784 1106 3854; x_wconf 79' lang='lat' dir='ltr'><strong>ubique</strong></span> <span class='ocrx_word' id='word_1_363' title='bbox 1129 3799 1186 3838; x_wconf 86' lang='lat' dir='ltr'><strong>oum</strong></span> <span class='ocrx_word' id='word_1_364' title='bbox 1206 3799 1259 3838; x_wconf 87' lang='lat' dir='ltr'><strong>no-</strong></span> 
     </span>
     <span class='ocr_line' id='line_1_39' title="bbox 211 3868 1262 3940; baseline -0.003 -15"><span class='ocrx_word' id='word_1_365' title='bbox 211 3870 326 3926; x_wconf 89' lang='lat' dir='ltr'><strong>minibus</strong></span> <span class='ocrx_word' id='word_1_366' title='bbox 349 3873 452 3925; x_wconf 85' lang='lat' dir='ltr'><strong>neutris</strong></span> <span class='ocrx_word' id='word_1_367' title='bbox 476 3869 591 3940; x_wconf 88' lang='lat' dir='ltr'><strong>pluralis</strong></span> <span class='ocrx_word' id='word_1_368' title='bbox 608 3868 740 3930; x_wconf 84' lang='lat' dir='ltr'><strong>iunxerit,</strong></span> <span class='ocrx_word' id='word_1_369' title='bbox 769 3881 802 3923; x_wconf 83' lang='lat' dir='ltr'><strong>en</strong></span> <span class='ocrx_word' id='word_1_370' title='bbox 820 3868 928 3938; x_wconf 80' lang='lat' dir='ltr'><strong>rulgari</strong></span> <span class='ocrx_word' id='word_1_371' title='bbox 946 3869 1153 3933; x_wconf 86' lang='lat' dir='ltr'><strong>consuetudine,</strong></span> <span class='ocrx_word' id='word_1_372' title='bbox 1178 3882 1262 3940; x_wconf 85' lang='lat' dir='ltr'><strong>qaam-</strong></span> 
     </span>
     <span class='ocr_line' id='line_1_40' title="bbox 211 3951 1257 4027; baseline 0 -17"><span class='ocrx_word' id='word_1_373' title='bbox 211 3957 240 4010; x_wconf 87' lang='lat' dir='ltr'><strong>in</strong></span> <span class='ocrx_word' id='word_1_374' title='bbox 257 3957 320 4010; x_wconf 89' lang='lat' dir='ltr'><strong>aliis</strong></span> <span class='ocrx_word' id='word_1_375' title='bbox 339 3961 445 4027; x_wconf 79' lang='lat' dir='ltr'><strong>quo&#39;que</strong></span> <span class='ocrx_word' id='word_1_376' title='bbox 463 3955 543 4010; x_wconf 89' lang='lat' dir='ltr'><strong>rebus</strong></span> <span class='ocrx_word' id='word_1_377' title='bbox 563 3963 704 4022; x_wconf 89' lang='lat' dir='ltr'><strong>perperam</strong></span> <span class='ocrx_word' id='word_1_378' title='bbox 723 3958 830 4008; x_wconf 82' lang='lat' dir='ltr'><strong>secutus</strong></span> <span class='ocrx_word' id='word_1_379' title='bbox 849 3954 963 4009; x_wconf 85' lang='lat' dir='ltr'><strong>ridetur.</strong></span> <span class='ocrx_word' id='word_1_380' title='bbox 999 3951 1033 4008; x_wconf 92' lang='lat' dir='ltr'><strong>llt</strong></span> <span class='ocrx_word' id='word_1_381' title='bbox 1047 3955 1075 4006; x_wconf 91' lang='lat' dir='ltr'><strong>in</strong></span> <span class='ocrx_word' id='word_1_382' title='bbox 1088 3953 1257 4010; x_wconf 85' lang='lat' dir='ltr'><strong>anacolutbla</strong></span> 
     </span>
     <span class='ocr_line' id='line_1_41' title="bbox 210 4036 1257 4113; baseline -0.004 -17"><span class='ocrx_word' id='word_1_383' title='bbox 210 4042 390 4112; x_wconf 79' lang='lat' dir='ltr'><strong>expoliendis,</strong></span> <span class='ocrx_word' id='word_1_384' title='bbox 423 4041 510 4113; x_wconf 87' lang='lat' dir='ltr'><strong>qualis</strong></span> <span class='ocrx_word' id='word_1_385' title='bbox 536 4039 653 4111; x_wconf 85' lang='lat' dir='ltr'><strong>pessima</strong></span> <span class='ocrx_word' id='word_1_386' title='bbox 676 4037 911 4096; x_wconf 76' lang='lat' dir='ltr'><strong>eios‘emendatio</strong></span> <span class='ocrx_word' id='word_1_387' title='bbox 937 4043 979 4094; x_wconf 90' lang='lat' dir='ltr'><strong>est</strong></span> <span class='ocrx_word' id='word_1_388' title='bbox 1004 4041 1023 4101; x_wconf 83' lang='grc' dir='ltr'><strong>ζ.</strong></span> <span class='ocrx_word' id='word_1_389' title='bbox 1042 4039 1100 4094; x_wconf 86' lang='grc'><strong>511.</strong></span> <span class='ocrx_word' id='word_1_390' title='bbox 1121 4036 1207 4112; x_wconf 83' lang='grc' dir='ltr'><strong><em>ῥίμφ’</em></strong></span> <span class='ocrx_word' id='word_1_391' title='bbox 1225 4037 1257 4092; x_wconf 82' lang='lat' dir='ltr'><strong>ld</strong></span> 
     </span>
     <span class='ocr_line' id='line_1_42' title="bbox 209 4124 1258 4201; baseline -0.002 -21"><span class='ocrx_word' id='word_1_392' title='bbox 209 4133 302 4199; x_wconf 85' lang='grc' dir='ltr'><strong><em>γοῦνα</em></strong></span> <span class='ocrx_word' id='word_1_393' title='bbox 320 4127 417 4201; x_wconf 78' lang='grc' dir='ltr'><strong><em>φέρει,</em></strong></span> <span class='ocrx_word' id='word_1_394' title='bbox 443 4126 476 4181; x_wconf 88' lang='lat' dir='ltr'><strong>de</strong></span> <span class='ocrx_word' id='word_1_395' title='bbox 490 4139 545 4198; x_wconf 82' lang='lat' dir='ltr'><strong>qua</strong></span> <span class='ocrx_word' id='word_1_396' title='bbox 564 4125 597 4180; x_wconf 84' lang='lat' dir='ltr'><strong>ol.</strong></span> <span class='ocrx_word' id='word_1_397' title='bbox 618 4124 652 4178; x_wconf 90' lang='lat' dir='ltr'><strong>ad</strong></span> <span class='ocrx_word' id='word_1_398' title='bbox 671 4143 696 4177; x_wconf 93' lang='grc' dir='ltr'><strong>ο.</strong></span> <span class='ocrx_word' id='word_1_399' title='bbox 715 4125 776 4183; x_wconf 82' lang='lat' dir='ltr'><strong>ios.</strong></span> <span class='ocrx_word' id='word_1_400' title='bbox 806 4145 832 4195; x_wconf 84' lang='grc' dir='ltr'><strong>ρ.</strong></span> <span class='ocrx_word' id='word_1_401' title='bbox 849 4131 909 4180; x_wconf 82' lang='grc'><strong>700.</strong></span> <span class='ocrx_word' id='word_1_402' title='bbox 938 4137 964 4177; x_wconf 86' lang='lat' dir='ltr'><strong>o.</strong></span> <span class='ocrx_word' id='word_1_403' title='bbox 983 4125 1041 4180; x_wconf 87' lang='grc'><strong>148.</strong></span> <span class='ocrx_word' id='word_1_404' title='bbox 1048 4140 1056 4189; x_wconf 88' lang='grc'><strong>;</strong></span> <span class='ocrx_word' id='word_1_405' title='bbox 1082 4128 1113 4177; x_wconf 89' lang='lat' dir='ltr'><strong>ut</strong></span> <span class='ocrx_word' id='word_1_406' title='bbox 1130 4126 1160 4176; x_wconf 91' lang='lat' dir='ltr'><strong>in</strong></span> <span class='ocrx_word' id='word_1_407' title='bbox 1177 4137 1258 4178; x_wconf 91' lang='lat' dir='ltr'><strong>mem·</strong></span> 
     </span>
     <span class='ocr_line' id='line_1_43' title="bbox 210 4207 1258 4282; baseline -0.002 -16"><span class='ocrx_word' id='word_1_408' title='bbox 210 4212 268 4266; x_wconf 88' lang='lat' dir='ltr'><strong>bris</strong></span> <span class='ocrx_word' id='word_1_409' title='bbox 292 4215 426 4268; x_wconf 86' lang='lat' dir='ltr'><strong>orationis</strong></span> <span class='ocrx_word' id='word_1_410' title='bbox 449 4209 484 4265; x_wconf 85' lang='lat' dir='ltr'><strong>ad</strong></span> <span class='ocrx_word' id='word_1_411' title='bbox 509 4213 659 4280; x_wconf 80' lang='lat' dir='ltr'><strong>prosaicam</strong></span> <span class='ocrx_word' id='word_1_412' title='bbox 687 4207 846 4282; x_wconf 78' lang='grc' dir='ltr'><strong><em>σονιίφειον</em></strong></span> <span class='ocrx_word' id='word_1_413' title='bbox 870 4207 1018 4263; x_wconf 80' lang='lat' dir='ltr'><strong>vinciendis</strong></span> <span class='ocrx_word' id='word_1_414' title='bbox 1037 4225 1087 4279; x_wconf 93' lang='lat' dir='ltr'><strong>per</strong></span> <span class='ocrx_word' id='word_1_415' title='bbox 1105 4212 1258 4280; x_wconf 87' lang='lat' dir='ltr'><strong>participia,</strong></span> 
     </span>
     <span class='ocr_line' id='line_1_44' title="bbox 209 4291 1261 4368; baseline 0 -19"><span class='ocrx_word' id='word_1_416' title='bbox 209 4293 336 4368; x_wconf 85' lang='lat' dir='ltr'><strong>tanquam</strong></span> <span class='ocrx_word' id='word_1_417' title='bbox 351 4301 381 4364; x_wconf 61' lang='grc' dir='ltr'><strong>μ’</strong></span> <span class='ocrx_word' id='word_1_418' title='bbox 400 4296 459 4355; x_wconf 84' lang='grc'><strong>187.</strong></span> <span class='ocrx_word' id='word_1_419' title='bbox 484 4291 546 4350; x_wconf 81' lang='grc' dir='ltr'><strong>Σὺν</strong></span> <span class='ocrx_word' id='word_1_420' title='bbox 564 4299 603 4364; x_wconf 76' lang='grc' dir='ltr'><strong>τῷ</strong></span> <span class='ocrx_word' id='word_1_421' title='bbox 622 4291 692 4363; x_wconf 75' lang='grc' dir='ltr'><strong>βάς,</strong></span> <span class='ocrx_word' id='word_1_422' title='bbox 720 4297 743 4356; x_wconf 77' lang='grc' dir='ltr'><strong>ξ.</strong></span> <span class='ocrx_word' id='word_1_423' title='bbox 766 4299 823 4353; x_wconf 88' lang='grc'><strong>169.</strong></span> <span class='ocrx_word' id='word_1_424' title='bbox 844 4292 994 4358; x_wconf 69' lang='lat' dir='ltr'><strong>insuetae,</strong></span> <span class='ocrx_word' id='word_1_425' title='bbox 1015 4295 1061 4349; x_wconf 89' lang='lat' dir='ltr'><strong>ubi</strong></span> <span class='ocrx_word' id='word_1_426' title='bbox 1082 4295 1151 4350; x_wconf 87' lang='lat' dir='ltr'><strong>bene</strong></span> <span class='ocrx_word' id='word_1_427' title='bbox 1169 4302 1261 4350; x_wconf 83' lang='lat' dir='ltr'><strong>monet</strong></span> 
     </span>
     <span class='ocr_line' id='line_1_45' title="bbox 209 4376 1258 4456; baseline -0.002 -21"><span class='ocrx_word' id='word_1_428' title='bbox 209 4379 313 4437; x_wconf 57' lang='lat' dir='ltr'><strong>Sebol„</strong></span> <span class='ocrx_word' id='word_1_429' title='bbox 342 4381 415 4436; x_wconf 90' lang='lat' dir='ltr'><strong>idem</strong></span> <span class='ocrx_word' id='word_1_430' title='bbox 440 4386 566 4448; x_wconf 90' lang='lat' dir='ltr'><strong>notatur,</strong></span> <span class='ocrx_word' id='word_1_431' title='bbox 593 4382 664 4452; x_wconf 90' lang='lat' dir='ltr'><strong>quod</strong></span> <span class='ocrx_word' id='word_1_432' title='bbox 682 4383 810 4438; x_wconf 84' lang='lat' dir='ltr'><strong>nescierit</strong></span> <span class='ocrx_word' id='word_1_433' title='bbox 828 4379 970 4438; x_wconf 82' lang='lat' dir='ltr'><strong>Homerum</strong></span> <span class='ocrx_word' id='word_1_434' title='bbox 988 4377 1175 4456; x_wconf 79' lang='grc' dir='ltr'><strong><em>παραλλήλοις</em></strong></span> <span class='ocrx_word' id='word_1_435' title='bbox 1190 4376 1258 4434; x_wconf 83' lang='lat' dir='ltr'><strong>reir-</strong></span> 
     </span>
    </p>
   </div>
   <div class='ocr_carea' id='block_1_7' title="bbox 0 0 1492 4900">
    <p class='ocr_par' dir='ltr' id='par_1_8' title="bbox 0 0 1492 4900">
     <span class='ocr_line' id='line_1_46' title="bbox 0 0 1492 4900; baseline 0 3"><span class='ocrx_word' id='word_1_436' title='bbox 0 0 1492 4900; x_wconf 95' lang='lat' dir='ltr'><strong> </strong></span> 
     </span>
    </p>
   </div>
  </div>
 </body>
</html>
