2976 4900
522 343 893 415 PROLIIG'OMENA.
1238 363 1282 431 89

121 511 222 574 lactor
253 511 367 574 intimae
392 514 496 576 aetatis
523 515 721 596 drammatis,
754 531 907 604 postquam
935 527 1051 602 llomeri
1082 549 1173 614 opero
1199 539 1278 618 peri·
1296 548 1346 604 148

122 614 233 689 issent,
258 614 481 707 Incertum-igni
503 635 541 678 au
563 629 641 686 motu
665 629 762 696 terrae
784 643 823 686 on
847 628 931 706 aquis
954 631 1135 716 absumpta.
1151 639 1276 705 edixisse
1295 649 1345 705 149

123 716 321 791 Pisistratum,
352 723 385 778 ut
406 733 442 780 cx
465 720 540 790 omui
558 720 689 790 Graecia
713 725 874 790 deferretur
896 731 933 792 ad
955 751 1003 808 se,
1035 738 1059 797 si
1081 739 1151 818 quid
1171 741 1276 808 Home-

122 819 215 880 riouur
231 820 349 900 uspiam
366 818 479 881 lateret.
515 821 559 882 Ita
579 823 725 888 inuectum
738 830 846 908 passio
868 849 947 909 esse,
971 837 1021 915 qui
1042 849 1276 924 centumcentur,

124 918 228 994 alium,
258 921 308 1000 qui
333 919 428 995 mille,
457 921 545 984 alium
575 927 675 1000 etiam,
701 931 769 1008 qui
784 933 921 996 maiorem
949 957 1096 1004 numerum
1121 947 1274 1014 conferret.

124 1021 236 1096 Quibus
272 1023 402 1096 omuihqs
443 1025 566 1106 receptis
600 1027 787 1110 collectisque
821 1035 915 1115 ipsum
947 1042 1042 1103 statim
1076 1061 1275 1128 congregasse

123 1124 237 1188 LXXII
260 1124 483 1203 Grammaticos,
512 1127 660 1207 (Aristeae
681 1129 914 1204 Icltulamaudis
941 1141 976 1204 de
998 1144 1109 1208 LXXII
1132 1150 1275 1234 interpre-

122 1227 200 1295 tibus
222 1227 419 1305 Bildicrum)¹
430 1245 540 1310 eosque
559 1231 681 1292 iussisse
693 1232 769 1294 hauc
780 1233 958 1319 farraginem
978 1245 1009 1305 iu
1024 1247 1129 1310 iustum
1144 1253 1273 1318 ordinem

122 1329 269 1408 redigere.
319 1328 352 1390 lo
380 1330 436 1391 hoc
460 1349 599 1396 consessu
618 1333 873 1404 Grammaticorum
898 1361 971 1422 prce
998 1351 1100 1410 ceteris
1121 1352 1273 1420 Zenodoto

123 1439 152 1492 et
181 1431 354 1493 Aristarcho
384 1429 469 1492 locus
503 1442 561 1508 cst,
600 1453 703 1498 errore
732 1439 912 1519 turpissimo,
950 1465 969 1506 a
1002 1467 1061 1528 quo
1095 1460 1190 1530 tamea
1219 1477 1273 1522 uec

120 1532 290 1597 Eustatlaius
319 1549 373 1595 uec
402 1536 578 1604 recentiores
607 1537 727 1616 quidam
759 1540 836 1605 docti
865 1559 1047 1612 recesserunt
1063 1545 1142 1632 ¹⁰).'
1175 1558 1272 1640 Atque

228 1802 357 1878 αγαγών·
376 1807 430 1862 ,καὶ
447 1805 520 1878 μετὰ
543 1807 574 1883 τό
594 1807 717 1866 ἕκαστον
736 1817 886 1870 συνθεῖναι
911 1817 982 1872 κατὰ
1004 1813 1056 1886 τὴν
1073 1821 1175 1880 ἑαυτοῦ
1194 1829 1270 1900 pyri.

226 1910 301 1965 μην,
327 1895 367 1952 εἰς
386 1890 417 1947 ἓν
438 1889 578 1964 συνήγαγε
596 1893 706 1956 πάντας
725 1895 791 1958 τοὺς
812 1903 1028 1974 προλεχθίντας
1045 1914 1271 1984 γραμματικοὺς,

228 1975 401 2048 ὀφείλοντας
416 1977 555 2054 ἐπιδεῖξαι
574 1977 650 2050 αὐτῷ
670 1981 792 2039 ἕκαστον
810 1982 861 2050 τὴν
880 1985 959 2042 ἰδίαν
979 1986 1132 2058 σύνθεσιν,
1159 1999 1270 2074 παρόν.

198 2111 204 2116 .
229 2080 286 2115 των
311 2059 386 2133 ὁμοῦ
409 2057 535 2116 πάντων.
568 2057 675 2122 ·οὗτοι
701 2065 752 2130 οὖν
776 2066 1005 2141 ἀκροασάμενοι,
1037 2073 1071 2128 οὐ
1097 2079 1172 2150 πρὸς
1200 2084 1270 2156 ἔριν,

229 2143 301 2198 ἀλλὰ
318 2144 392 2216 πρὸς
403 2145 443 2216 ὶτό
462 2144 581 2214 ἀληθές,
601 2154 647 2224 καὶ
663 2157 724 2207 πᾶν
743 2150 777 2204 τὸ
796 2157 830 2224 τῇ
847 2151 954 2226 (πάντη
972 2153 1068 2228 Anat.)
1081 2163 1163 2236 τέχνη
1179 2165 1270 2240 ἁρμό.

229 2234 295 2296 ζον,
313 2231 429 2304 ἔκριναν
446 2229 552 2294 πάντες
569 2241 651 2308 κοινῇ
669 2239 717 2288 καὶ
735 2233 913 2318 ὁμοφώνως,
933 2239 1120 2316 ἐπικρατῆσαι
1139 2247 1188 2316 τὴν
1202 2250 1270 2309 σύγ.

162 2315 166 2319 ’
226 2319 313 2369 θεσιν
339 2320 387 2369 καὶ
417 2315 579 2393 διόρθωσιν
607 2317 794 2394 Ἀριστάρχου
822 2326 870 2375 καὶ
897 2324 1079 2392 Ζηνοδότου·
1110 2335 1159 2387 καὶ
1183 2332 1271 2392 πάλιν

230 2399 344 2469 ἔκριναν
368 2407 425 2456 τῶν
455 2401 506 2457 δύο
533 2401 700 2461 coacturus
726 2423 756 2459 τε
783 2407 830 2460 καὶ
855 2409 1041 2484 διορθώσεων
1062 2417 1196 2482 βελτίονα
1221 2420 1272 2488 τὴν

226 2479 423 2556 Ἀριστάρχου.
457 2483 574 2554 Ἐπειδὴλ
597 2489 631 2542 δέ
655 2509 731 2550 τινες
749 2497 807 2548 τῶν
826 2494 1049 2565 συναγαγόντων
1071 2499 1137 2562 τοὺς
1155 2501 1271 2579 ‘omnm

228 2568 296 2630 κοὺς
314 2575 430 2640 στίχους
455 2571 530 2645 πρὸς
555 2573 607 2630 τὸν
623 2580 854 2648 Πεισίστρατον,
880 2577 927 2632 διὰ
953 2573 988 2634 τδ
1012 2583 1135 2639 πλείονα
1158 2590 1272 2658 μισθὸν

199 2705 202 2713 Δ
228 2659 341 2725 λαβεῖν,
367 2658 415 2707 καὶ
439 2657 533 2718 ἰδίους
554 2664 684 2730 στίχους,
710 2658 746 2720 uic
763 2666 950 2734 προείρηται,
980 2665 1161 2740 σκεψάμενοι
1180 2689 1271 2746 προς-

229 2745 355 2808 ἔθηκαν,
384 2743 432 2794 καὶ
459 2740 512 2810 ἤδη
539 2744 576 2799 ἐν,
597 2749 735 2818 συνηθείᾳ
761 2747 896 2815 ἐγίνοντο
920 2755 982 2810 τοῖς
1008 2747 1272 2820 ἀναγινώσκουσιν·

229 2823 281 2878 οὐκ
300 2825 385 2878 ἔλαθε
406 2834 490 2881 τοῦτο
508 2827 574 2890 τοὺς
592 2825 705 2902 κριτάς,
732 2827 802 2882 ἀλλὰ
826 2831 881 2903 μὲν
907 2832 955 2886 διὰ
980 2831 1030 2900 τὴν
1050 2833 1205 2902 συνήθειαν
1224 2844 1272 2894 καὶ

230 2908 379 2988 πρόληψιν
404 2909 517 2983 άφῆκαν
541 2911 648 2976 αὐτοὺς
671 2920 800 2980 κεῖσθαι,
831 2913 997 2985 ὀβελίσκους
1022 2920 1053 2972 δὲ
1079 2918 1189 2992 ἑκάστῳ
1215 2931 1272 2982 τῶν

231 2993 382 3068 άδοκίμτον
400 2998 447 3047 καὶ
466 2994 627 3072 άλλοτρίίυν
645 3004 692 3054 καλ
711 3000 836 3062 ἀναξίων
855 3009 906 3055 τοῦ
923 3009 1047 3072 ποιητοῦ
1060 3010 1166 3076 στίχων
1179 3030 1272 3087 παρα-

228 3085 397 3154 τιθέμενοι,
416 3087 501 3135 τοῦτο
521 3083 590 3139 αὐτὸ
605 3087 805 3150 ἐπεδείξαντο,
823 3084 860 3146 ὠς
877 3083 991 3149 ἀνάξιοί
1004 3094 1060 3144 εἰσι
1074 3098 1124 3144 τοῦ
1140 3092 1272 3171 Ὁμήρου.

232 3165 293 3221 Nou
317 3165 427 3220 indocta
450 3175 526 3235 artat,
556 3173 677 3242 quaein
701 3168 743 3223 liis
767 3171 911 3238 postremis
935 3172 1061 3240 leguntur
1085 3167 1117 3228 de
1141 3183 1272 3248 suspectis

175 3303 181 3318 ,
231 3251 355 3307 versibus
376 3252 405 3304 in
422 3251 471 3304 s'ua
488 3255 552 3308 sede
569 3257 687 3310 relictis:
721 3271 774 3326 qua
794 3255 827 3308 de
845 3269 875 3306 re
891 3255 964 3307 inira
977 3257 1062 3310 dicam
1080 3261 1109 3312 iu
1123 3260 1272 3318 Zenodoto.

231 3333 344 3392 Bruuius
365 3336 438 3390 aliud
456 3337 640 3395 Schol.·cuius
659 3343 764 3406 initium
782 3331 814 3392 in'
831 3343 885 3390 not.
905 3345 947 3396 39.
966 3339 1042 3406 dedi,
1071 3346 1110 3397 sic
1128 3353 1222 3400 narrat
1241 3349 1273 3404 de

230 3421 390 3477 Pisistrato:
424 3419 608 3490 Ἐθίλησε
633 3422 696 3491 τὴν
714 3415 875 3495 ’Ὀμήρου
901 3429 1058 3490 ποίησιν
1077 3428 1274 3504 ἔγγραφον

231 3501 580 3578 διαφυλάττεσθαι·
602 3512 724 3583 προθεὶς
741 3509 772 3562 δὲ
792 3505 891 3578 ἀγῶνα
909 3509 1063 3581 δημοτελῆ,
1084 3515 1132 3568 καὶ
1146 3515 1274 3595 κηρύξας,

232 3594 279 3644 καὶ
299 3587 366 3652 δοὺς
383 3589 483 3649 άδειαν
501 3600 562 3656 τοῖς
580 3592 673 3648 εἰδόσι
691 3597 739 3647 ’καὶ
757 3596 946 3666 βουλομένοις
969 3595 1004 3650 τά
1022 3596 1145 3674 Ὁμήρου
1164 3602 1274 3658 ἐπιδεί-

232 3681 372 3745 κνυσθαι,
396 3681 444 3731 καὶ
463 3680 576 3752 μισθὸν
595 3677 678 3741 τάξας
697 3679 798 3749 στίχον
822 3680 945 3738 ἑκάστου
970 3671 1088 3754 ὀβολόν,
1117 3686 1275 3758 συνήγαγεν

233 3763 397 3836 ὁλοσχερεῖς
423 3763 473 3825 τὰς
495 3768 595 3830 λέξεις,
627 3765 869 3838 καλπαρέδιυκεν
893 3766 1061 3844 ἀνθρώποις
1090 3777 1196 3842 σοφοῖς
1228 3775 1276 3824 καὶ

233 3845 434 3920 επιστὴμοοιν.
470 3849 519 3905 IIic
540 3864 606 3905 ornus
627 3855 668 3903 est
686 3867 701 3903 e
721 3848 922 3918 Grammaticis,
942 3856 987 3924 qui
1005 3857 1118 3922 priorum
1138 3859 1276 3922 coemptor

233 3952 250 3985 α
267 3929 421 3986 ‘Pisistrato
447 3944 573 4002 paratum
594 3935 695 3988 diserte
723 3935 869 3988 coufirmat.
912 3939 998 3990 Antea
1025 3952 1079 3989 nom
1106 3940 1275 4006 scripturam,

235 4018 395 4082 sedectam
428 4017 683 4074 διδασκαλίαν
718 4017 912 4088 rhapsodorum
942 4022 1127 4076 conseruando
1160 4021 1275 4077 Homero

235 4097 381 4177 adhibitam
392 4113 456 4174 ‘esse
473 4103 545 4158 dicIt.
575 4104 654 4158 'Tam
674 4103 774 4176 diserte
800 4105 866 4160 haec
883 4123 959 4160 nemo
979 4107 1057 4160 dccet
1073 4110 1182 4176 praeter
1199 4105 1276 4162 lose·

234 4185 329 4255 phum3
354 4192 382 4239 at
400 4181 492 4242 eadem
508 4195 598 4243 tamea
617 4189 713 4243 docent
732 4204 851 4262 omues„

167 4271 215 4339 10)
234 4269 313 4330 I'ost
326 4285 439 4341 maguus
472 4274 661 4342 compilatores
690 4273 835 4328 Historiae·
850 4276 1011 4330 universalis
1030 4269 1123 4342 'istum
1150 4291 1277 4340 errorem,

235 4358 279 4411 uix
299 4353 477 4413 Anacharsidt
504 4355 618 4428 Scythae
645 4358 851 4428 ignoscendum,
882 4362 988 4414 omissis
1014 4366 1102 4418 tamen
1127 4361 1278 4418 nominihus
