2944 4900
214 340 259 406 18
604 331 971 396 Pnonuocntonn.
1031 337 1033 340 ’

216 532 288 594 lote-
334 525 394 589 Cur
417 539 489 602 engo
510 515 577 584 hnic
597 521 695 582 sersni
719 518 785 600 plus
808 517 988 580 auctoritatis
1010 515 1188 590 tribuamus,
1222 522 1308 598 pam
1331 518 1378 580 illi

217 628 398 694 Dioscoridis
429 623 593 696 isocraticl‚
621 639 705 703 quem
729 621 895 683 Athenaeus
924 620 1002 706 ¹:1¹·
1035 624 1084 682 11.
1112 622 1148 681 Α.
1176 617 1277 695 allent,
1304 628 1378 701 post

220 757 242 798 s.
268 736 357 806 tto,
379 729 428 792 nel
448 729 612 806 ubicunque
635 725 777 798 assuetis,
797 723 979 786 incommodo
1002 731 1029 784 et
1048 724 1157 804 inepto,

169 846 203 899 31
311 829 365 896 Ἢ
381 825 446 913 ἄνῳ
464 811 611 908 pressione,
633 818 655 910 ἥ
674 823 707 907 μ’
729 819 879 909 ἔβλαψαν
898 819 974 886 θεοὶ
995 815 1099 900 edroi,

217 948 271 1004 aut
292 933 417 1000 Cratetis
437 932 505 995 hmo
524 929 604 1011 apud
624 929 809 992 Plutarchum
833 926 868 989 de
889 926 1008 990 Facio
1029 927 1100 988 orba
1120 927 1223 988 Lunae
1245 946 1276 1007 p.
1300 929 1377 988 93&

219 1043 275 1121 la,
294 1047 362 1123 post
384 1033 412 1112 ξ.
433 1037 506 1098 246.
526 1032 650 1106 adiecto,
1125 1098 1127 1102 .

320 1132 495 1221 Ἀνδράσιν
514 1127 571 1219 ἠδὲ
591 1133 702 1208 θεοῖς’
724 1125 878 1216 πλείστην
898 1125 956 1194 ἐπὶ
975 1131 1069 1214 γαῖαν
1089 1122 1183 1213 ἵησιν,

222 1250 273 1307 ant
292 1241 432 1306 similibus
455 1238 543 1320 apud·
556 1236 631 1300 alias
655 1236 858 1298 conseruatis?

783 1469 822 1552 x.

323 1678 409 1742 llaud
429 1678 490 1740 scio
513 1696 552 1738 au
573 1676 619 1737 his
640 1674 825 1754 uulgatarum
846 1672 1001 1736 lectionum
1028 1680 1056 1734 et
1076 1667 1205 1734 sordium
1233 1665 1377 1752 exemplis

222 1781 400 1864 aliquantum
436 1779 472 1841 dc
504 1773 617 1856 vulgati
651 1781 745 1837 textus
782 1775 879 1854 gratia
912 1775 990 1856 apud
1015 1763 1142 1836 homiues
1175 1773 1257 1857 recti¹
1274 1772 1379 1834 iudicii

222 1873 405 1947 detraxerim.
457 1875 605 1961 Exemplis
628 1885 712 1940 certe
743 1879 797 1939 hac
823 1878 854 1938 in'
881 1893 913 1939 re
942 1877 1009 1960 plns
1040 1878 1179 1949 allicitur,
1215 1886 1301 1956 quam
1329 1875 1380 1949 iis,

223 2003 299 2068 quae
324 1983 360 2047 de
389 1981 617 2064 sagassissime
637 1997 726 2060 saepe
754 1979 784 2040 in
803 1980 968 2042 universnm
992 1987 1162 2043 monuerunt
1186 1979 1241 2041 uiri
1269 1975 1381 2040 doetis-

222 2087 296 2152 simi.
340 2083 465 2151 l'rohari
485 2087 542 2148 ista
563 2083 672 2159 solent,
702 2081 777 2145 dum·
791 2083 945 2162 leguntor3
980 2083 1030 2144 ubi
1053 2081 1091 2144 ad
1110 2099 1172 2143 rem
1194 2087 1379 2162 praesentem

221 2197 336 2253 rentum
356 2197 400 2251 cst
407 2193 420 2261 ‚'
430 2186 507 2251 redit
526 2188 605 2250 iners
622 2187 799 2268 superstitio.
840 2185 878 2246 Et
901 2185 931 2247 in
944 2179 1070 2247 Homero
1086 2181 1200 2264 quidem
1222 2200 1258 2244 ea
1273 2197 1380 2264 snper-

221 2291 300 2353 stilio
319 2307 442 2368 magnos
462 2298 603 2372 patronos
624 2291 711 2351 hahet
738 2289 813 2350 iuter
840 2289 922 2369 ipsos
944 2296 1073 2361 ueteres,
1099 2303 1137 2348 ex
1168 2281 1271 2368 qrnihrns
1299 2304 1378 2346 unns

221 2409 294 2475 prae
325 2391 427 2453 ceteris
457 2393 626 2471 ingeniosus
656 2398 700 2452 est
724 2389 871 2454 Lucienus
883 2379 945 2467 ⁴)st
972 2389 1000 2452 ls
1033 2391 1148 2473 poetam
1175 2390 1269 2471 ipsum
1295 2387 1380 2470 apud

220 2493 331 2558 interos
353 2495 564 2572 interrogatum
588 2511 608 2554 a
635 2509 667 2553 se
690 2488 726 2555 de
747 2493 783 2556 iis
802 2495 951 2570 uersibus,
981 2494 1031 2574 ani
1050 2491 1192 2554 subditicii
1219 2512 1239 2554 a
1259 2489 1378 2554 Griticis

221 2597 411 2670 haberentur,
434 2592 524 2658 refert
547 2591 713 2677 simpliciter
733 2595 936 2677 respondisse,
964 2615 1069 2657 omnes
1090 2613 1163 2657 suos
1185 2613 1260 2658 esse.
1307 2595 1377 2671 Quo

221 2716 364 2782 responso
388 2699 502 2760 tametsi
520 2695 712 2779 perhumanus
740 2713 830 2762 senex
863 2717 921 2762 non
942 2701 999 2761 nisi
1020 2715 1070 2761 eos
1092 2713 1193 2760 uersus
1215 2689 1377 2777 agnouisse

220 2799 365 2888 putandus
388 2811 447 2878 est,
477 2799 526 2880 qrni
546 2800 689 2878 antehoc
708 2819 790 2862 suum
810 2821 872 2864 cum
891 2792 1024 2864 Lucieno
1043 2799 1219 2880 colloquium
1239 2797 1269 2859 in
1294 2799 1376 2861 ordi-

221 2925 286 2967 nem
311 2905 421 2984 recepti
451 2909 560 2976 essent,
588 2902 631 2962 uti
657 2899 856 2965 Zenodoteum
884 2903 980 2978 illum,
1014 2921 1099 2984 quem
1127 2899 1202 2964 idem
1229 2901 1377 2964 Lucienus

170 3009 205 3063 32
222 3024 282 3070 non
302 3004 425 3066 obscure
445 3001 552 3083 prohat
577 3003 608 3063 iu
630 3001 692 3065 alio·
710 3001 866 3085 libello⁵):
909 3016 1005 3068 tamen
1032 3023 1091 3084 nou
1112 3002 1257 3080 uocans,
1283 3021 1376 3085 qnare

221 3125 281 3170 uon
310 3101 408 3166 eadem
438 3103 546 3185 optima
571 3104 745 3170 auctoritate
771 3107 902 3189 reliquas
931 3125 1028 3170 omues
1059 3101 1219 3168 alienarum
1244 3125 1380 3168 mannum
1437 3165 1440 3172 .

223 3207 399 3273 adiectiones
421 3215 450 3269 et
470 3205 551 3268 lusus
576 3214 604 3268 et
627 3207 698 3270 sitia
717 3217 858 3271 tueamur.
908 3209 999 3272 Unam
1028 3210 1103 3271 hanc
1131 3207 1378 3290 quaestiunculam

224 3309 383 3376 discedenti
406 3309 532 3374 Homero
553 3310 718 3395 proponere
747 3307 924 3377 ohliurs'cst
953 3300 1065 3376 iacens
1090 3311 1259 3390 fabulator,
1287 3333 1379 3394 qrnae-

222 3435 288 3479 nam
315 3431 353 3477 cx
388 3421 432 3475 tot
461 3411 583 3478 diuersis
611 3413 828 3478 recensiooilnus
856 3413 1009 3498 probanda
1036 3426 1112 3479 esset
1139 3416 1182 3492 ei,
1216 3417 1265 3497 qni
1293 3416 1376 3478 illum

222 3533 286 3579 cnm
308 3523 453 3596 apparatu
474 3503 615 3578 librorum
634 3517 753 3596 legere,
781 3524 831 3577 ant
851 3518 914 3597 ipse
931 3519 973 3580 ¹dc
994 3521 1038 3581 his
1059 3521 1146 3582 rebus
1168 3521 1297 3582 iudicare
1319 3539 1378 3582 non

223 3625 347 3682 curaret
390 3616 480 3700 Nimis
501 3615 576 3678 enim
588 3613 770 3680 temerarium
790 3627 867 3680 esset
889 3623 1186 3697 etincousideratnm‚
1210 3623 1294 3685 unice
1313 3641 1379 3685 eam

222 3717 409 3803 scripturam,
442 3735 518 3798 quiae
550 3736 603 3782 suo
631 3737 704 3782 aeno
723 3719 810 3782 'forte
840 3739 967 3805 casuque
996 3725 1117 3804 urnlgata
1143 3725 1285 3800 ferretur,
1321 3744 1378 3807 pro

222 3832 302 3887 recta
330 3830 359 3885 et
380 3819 644 3904 genuiua'halnere.
694 3819 804 3885 Numnc
829 3823 884 3886 hoc
906 3827 986 3889 alind
1017 3836 1075 3904 est,
1106 3845 1192 3910 quam
1214 3829 1297 3901 eius,
1326 3829 1380 3910 qui

221 3930 297 3991 inter
317 3925 416 4009 plures
439 3923 609 3987 nouissimus
629 3925 742 3988 locutus
766 3922 819 4004 sit',·
847 3930 981 3991 assentiri
1004 3931 1186 3992 sentcntiae?
1230 3929 1274 3991 lta
1294 3930 1380 3992 nimi-

226 4105 535 4120 ψ

274 4237 305 4306 n)
321 4217 412 4292 ‘verse
428 4237 497 4294 lttst.
515 4237 565 4304 on,
583 4245 626 4296 20.
642 4255 668 4309 p.
690 4245 746 4296 117.
833 4241 838 4250 ·

277 4321 307 4390 5)
325 4319 365 4375 oe
384 4321 479 4378 saltas.
497 4333 540 4382 as.
556 4323 586 4394 p.
609 4329 669 4382 aee.
