2976 4900
237 285 302 356 156
621 275 991 348 inconsonans.

168 490 220 546 259
238 475 370 558 ilrgula,
394 473 527 538 modesto
544 473 649 552 signo,
676 470 708 532 in
735 471 786 545 iis,
815 468 865 550 qni
885 469 913 531 ei
934 468 971 529 ob
994 468 1107 528 minora
1127 463 1198 533 ritis
1217 470 1389 535 riderentur

235 582 354 661 indigni>
366 587 469 662 padio,
490 583 520 637 at
539 573 708 637 tolerabiles
731 582 833 635 tamem
848 600 851 604 ·
864 570 924 633 Sed
946 570 1115 633 coniectura
1129 571 1201 636 haec
1220 582 1265 635 est
1286 573 1390 634 admo-

237 685 304 748 dum
330 683 427 766 porri
440 679 573 743 momenti
598 678 628 739 in
653 677 706 738 illa
734 674 857 736 infantia
882 674 964 736 artis.
997 714 999 717 ·
1022 673 1167 751 Quocirca
1194 694 1255 738 rem
1286 683 1389 737 tenere

238 788 329 849 sadus
358 787 429 860 erit,
459 791 488 845 et
515 780 692 860 argumentis
719 769 851 861 pluribus
879 777 1062 848 condomare,
1094 797 1161 842 cum
1184 796 1248 841 non
1276 784 1391 839 tantum

239 889 375 954 notandis
395 886 515 959 raons,
545 899 645 947 terrim
657 936 661 945 ι
673 882 759 943 etiam
773 877 911 954 urendo,
941 878 1133 960 amputando,
1162 881 1290 954 luxata,
1310 898 1392 961 quae

241 991 356 1073 quidem
380 989 517 1071 putabat,
549 988 609 1048 suis
642 984 715 1053 locis
740 981 924 1064 reponendo,
954 980 1136 1045 Homericum
1166 1002 1273 1066 corpus
1302 1001 1393 1046 cura-

192 1158 195 1161 ,
239 1095 327 1158 uisse.
370 1093 414 1154 Ac
434 1087 642 1172 primum-quis
665 1085 951 1157 existimabamus
980 1102 1047 1160 eos,
1075 1104 1149 1166 quos
1170 1088 1340 1150 Eustuthius
1363 1096 1393 1150 et

241 1194 426 1260 scholiastae
441 1191 555 1273 passim
576 1207 613 1251 ex
631 1186 697 1250 aliis
716 1184 938 1249 recessionibus.
948 1186 1071 1262 addunt,
1091 1192 1270 1270 posteriores
1290 1209 1391 1252 omnes

173 1305 226 1360 260
244 1315 309 1361 esse
329 1295 499 1359 Aristarcho
511 1287 578 1368 Ἣ
614 1306 651 1352 ne
674 1288 749 1369 quiid
764 1289 857 1351 dcam
880 1287 918 1351 de
936 1288 997 1364 his,
1018 1307 1092 1370 quos
1114 1293 1253 1373 strigores
1274 1293 1392 1357 librarii

342 1504 385 1559 ap.
406 1485 470 1543 nora
504 1485 540 1543 At
557 1485 671 1555 grauior
688 1483 763 1535 locus
782 1485 823 1535 est
842 1479 966 1549 Apollon.
985 1481 1018 1536 dc
1038 1482 1112 1553 Syat.
1130 1484 1155 1550 1,
1171 1491 1221 1548 11„
1246 1483 1293 1547 nbi
1309 1489 1397 1554 post-v

330 1564 422 1644 'quam
439 1575 541 1625 monuit
560 1571 592 1641 de
611 1564 809 1624 abundantibus
827 1567 943 1629 litteris,
969 1566 1082 1636 syllabis
1100 1568 1307 1638 atpdictionibus
1327 1569 1390 1639 (λί-

344 1657 451 1726 ξεσιν),
473 1656 563 1720 addit,
582 1653 712 1708 interdum
732 1655 809 1706 ctiam
826 1653 851 1704 in
870 1655 928 1703 tota
947 1654 1071 1706 oratione
1090 1669 1149 1708 csse
1168 1655 1270 1726 aliquid
1291 1671 1388 1725 super-

343 1757 502 1804 vacaneum,
527 1744 602 1792 KAI
618 1741 779 1792 ΛΟΓΟῩΣ
796 1736 866 1789 ποτὲ
886 1735 1053 1805 παρέλκεινς
1075 1737 1155 1810 πρὸς
1168 1739 1253 1794 οὐδὲν
1274 1746 1390 1794 συντεί-

259 1862 261 1865 -
343 1822 462 1885 νοντας·
489 1826 716 1893 είγεπλείους
736 1817 1211 1897 ἅθετήσειςᾜριστάρχου
1229 1822 1288 1878 dod
1306 1824 1391 1886 τοὺς

343 1906 545 1969 τοιούτους
566 1898 729 1980 τρόπους
749 1906 953 1978 ἐγένοντο
974 1907 1268 1978 llaec'plenanslucent
1292 1926 1389 1982 exspe-

249 2047 250 2052 ,
305 2004 306 2008 ’
343 1996 453 2051 ciebant
475 2010 508 2049 ex
525 1982 641 2049 Scholiis
661 1993 778 2050 Venetis.
813 1993 854 2050 Ut
867 2008 892 2047 ο.
911 1995 1046 2057 att-49„
1075 1998 1171 2063 leopos
1185 2011 1313 2058 secamus
1331 1999 1391 2049 Ne-

342 2074 458 2142 τοίιίαοι,
484 2079 670 2134 confluentium
695 2078 728 2132 ad
755 2078 910 2148 plorantem*
924 2076 1080 2142 Thetidem,
1110 2096 1186 2151 qoem
1206 2096 1343 2135 recensum
1365 2088 1392 2136 ct

265 2184 271 2195 ¹
344 2167 378 2221 ab
396 2165 526 2235 Argolico
545 2164 665 2231 exemplo
686 2164 805 2217 abluisse
825 2162 994 2233 Callistratus
1013 2161 1184 2230 prodiderat,
1212 2181 1228 2218 a
1247 2165 1391 2221 Zenodoto

297 2246 300 2251 ’
346 2242 472 2322 primurn,
502 2254 556 2301 tum
585 2247 619 2300 ab
638 2245 796 2300 Aristarcho
821 2250 917 2301 nimius
935 2246 1080 2317 putabatur
1106 2247 1286 2316 (ambitiosum
1305 2271 1393 2305 oroa-

345 2343 459 2390 meotom
477 2328 666 2400 σίήιλετεῑτο,
693 2328 729 2390 ὣς
745 2329 912 2395 Ἡσιόδειον
931 2335 1006 2404 ἔχων
1019 2341 1185 2410 χαρακτῆρα
1203 2340 1302 2391 κ.τ.λ.
1337 2337 1393 2392 tibi

345 2421 434 2477 obiter
460 2417 552 2497 vides,
584 2418 701 2485 spectari
725 2413 926 2485 Theogoniam,
954 2426 1079 2490 tanquam
1106 2425 1248 2492 genuinum
1275 2422 1393 2478 Carmen

345 2509 416 2561 ratis
434 2503 554 2559 Ascraei.
604 2499 706 2556 Mansit
722 2505 810 2555 tamen
829 2500 872 2556 bic
890 2504 965 2558 locus
987 2507 1013 2559 in
1030 2512 1104 2560 textu
1121 2505 1288 2567 Aristarchi.
1320 2509 1393 2562 nude

346 2607 403 2647 earn
429 2591 457 2642 ln
481 2589 655 2640 imitationem
684 2601 757 2645 suarii
782 2586 1035 2658 traxitVirgilius.'
1070 2589 1135 2644 Nam
1161 2591 1195 2659 ab
1222 2593 1268 2646 illo
1288 2591 1393 2647 Critico

349 2673 500 2745 pendebant
524 2670 614 2725 Latini
640 2687 740 2727 omncs.
776 2671 817 2726 lta
833 2671 964 2727 'ciceroni
980 2671 1053 2744 ‘Epp
1068 2675 1113 2728 'ad
1136 2674 1230 2729 Famil.
1249 2675 1283 2740 X,
1303 2683 1344 2734 13.
1367 2684 1395 2732 et

345 2758 473 2814 Straboni
492 2756 513 2812 l.
539 2773 564 2825 p.
587 2763 628 2813 17.
653 2771 707 2808 non
726 2756 869 2810 excidisset
888 2757 955 2811 illud
979 2757 1012 2813 dc
1033 2757 1167 2826 'odoarii'
1189 2759 1393 2835 πτολιπόρθῳ,

347 2847 399 2898 alsi
429 2843 506 2913 puori
529 2842 558 2892 in
583 2837 684 2892 scholis
711 2841 867 2910 audissent,
899 2841 1081 2897 Aristarchum
1104 2843 1272 2911 siderandum
1294 2862 1394 2903 rcrsus

348 2936 433 2998 p'ropc
454 2941 559 2989 omnes,
585 2928 630 2996 qul
648 2938 717 2978 nuno
734 2925 871 2995 Ἀχιλλῆα
891 2927 1219 2999 πτολίπορθονλιολιοοί.
1261 2929 1321 2992 Quo
1339 2950 1393 2988 nos

348 3009 485 3082 probabili
509 3011 615 3064 rationo
640 3009 738 3063 ducant
752 3009 875 3080 ‘Scholia
896 3010 929 3064 ad
952 3016 981 3063 θ.
999 3017 1058 3068 371.
1077 3020 1103 3068 et
1122 3031 1208 3083 prox„
1235 3020 1289 3070 torn
1311 3018 1347 3071 ad
1367 3041 1393 3074 ο.

339 3099 489 3157 ‘bb-77.)
521 3093 601 3148 obolo
628 3099 736 3155 notatos
761 3100 873 3164 propiet·
902 3092 943 3148 τὰ
973 3090 1147 3164 ἒκελοῦκ
1179 3097 1396 3170 ἀναγκαίως

347 3176 700 3252 παλιλλοχούμενα,
732 3179 853 3232 stallae
881 3180 992 3246 causas,
1019 3185 1047 3237 in
1075 3185 1170 3254 quibus
1189 3182 1254 3237 haec
1275 3191 1395 3240 extrema

351 3273 407 3322 esi:
442 3267 537 3332 Φησλν
556 3263 571 3317 ὁ
589 3263 855 3339 Ἀρίσταρχος,
882 3262 926 3318 ὅτι
945 3264 1057 3340 οὐδαμῇ
1075 3267 1127 3323 τὸν
1146 3269 1284 3340 ’Λχιλλέα
1301 3289 1394 3324 πτο-

348 3355 539 3425 λίπορθον
558 3354 684 3424 εἴρηκεν,
705 3346 774 3402 ἀλλὰ
793 3346 923 3422 ποδάρκη
942 3353 989 3404 καὶ
1002 3350 1128 3420 ποδώκη,
1164 3353 1256 3425 Neque
1272 3352 1396 3410 Aristar-

348 3437 430 3499 chus,
449 3442 479 3488 irt
495 3439 634 3506 suspicor,
660 3435 687 3489 id
705 3432 842 3503 epitheton
859 3438 962 3503 potavit
979 3440 1122 3492 convenire
1136 3435 1248 3502 Achilli,
1272 3443 1318 3510 qui
1336 3441 1395 3494 bel-

251 3564 252 3569 ,
334 3522 402 3573 ’λοστ
421 3519 575 3573 4Τοολοοοοι
605 3534 660 3571 non
692 3518 845 3572 coniecerit.
896 3519 1046 3588 Ignorabat
1078 3539 1144 3593 crgo
1179 3530 1225 3578 aut
1248 3526 1397 3595 spernebat

247 3638 248 3641 ι
307 3665 315 3683 ,Ι
335 3606 481 3661 ,τετὶοτοοι
500 3604 611 3669 interpr.
633 3616 675 3669 ap.
692 3599 812 3656 Eustatb.
830 3605 988 3675 p.91,220.
1025 3605 1059 3660 At
1077 3611 1156 3674 etiarn
1175 3629 1206 3682 φ,
1225 3612 1283 3667 550.
1303 3607 1397 3664 Achil-

350 3687 389 3742 lcs
415 3687 616 3757 πτολίπορθος
639 3692 688 3740 tsi.
729 3685 770 3740 lbi
787 3691 853 3744 mira
872 3688 1037 3746 schoh‘Ou
1055 3691 1203 3756 πλεονάζει
1226 3691 1270 3748 ἐπ’
1294 3693 1398 3750 'Odon-

351 3776 423 3835 οέως
440 3769 479 3832 τὸ,
499 3773 780 3843 πτολίπορθος·
799 3777 852 3828 νῦν
871 3775 902 3828 δὲ
922 3773 1082 3839 ἅπαξίπ’
1098 3777 1262 3849 Ἀχιλλέως.
1297 3778 1337 3832 ‘H
1353 3782 1399 3834 dc-

351 3865 407 3928 πλῆ
427 3857 522 3930 πρὸς
546 3857 630 3920 τοὺς
647 3862 891 3932 χωρίζοντας·
917 3859 1029 3923 τούτοις
1044 3861 1248 3937 χὰρχρῶνται.
1289 3865 1401 3924 Τινὲς

350 3945 382 3998 dt
399 3944 538 4025 ’Λχιλλέα
557 3947 707 4010 Πηλείωνα
730 3951 850 3997 ποιοῦσι
866 3944 1041 4017 (corrigunt)
1064 3949 1242 4010 ξενισθέντες
1265 3947 1341 4022 ’πρὸς
1365 3949 1400 4002 τὸ

249 4054 252 4062 1
279 4068 283 4077 ,
350 4030 499 4086 ἐπίθετον.
536 4028 582 4082 llis
601 4030 701 4099 igitur,
730 4032 779 4100 qui·
794 4032 833 4082 ita
849 4030 1016 4094 sentiebant,
1044 4033 1280 4089 ldcmviaciondum
1301 4033 1353 4086 luit
1373 4035 1402 4086 im

349 4133 379 4171 ω.
399 4104 463 4177 108:
479 4119 510 4189 et
527 4116 644 4170 tortasse
662 4113 746 4173 (ialal.
764 4115 822 4168 235.
842 4114 928 4182 (728.)
948 4124 973 4171 ct
994 4138 1016 4177 v,
1034 4123 1094 4179 384.
1137 4114 1139 4116 ’

253 4198 328 4271 Ab)
347 4199 415 4253 Sunt
433 4199 503 4257 adeo
522 4203 549 4252 ia
569 4200 623 4252 illis
640 4214 694 4253 ras.
712 4198 846 4261 nonnulli,
870 4214 940 4267 quos
955 4195 1102 4272 rhapsodis
1121 4201 1213 4259 eadem
1232 4203 1324 4271 specio
1341 4206 1403 4256 reri

348 4282 455 4340 tribuas
467 4282 483 4348 ,”
500 4283 544 4338 iel
565 4285 684 4348 maiore,
714 4296 791 4351 quan
810 4283 873 4343 atita
891 4289 1056 4342 auctoribus.
1099 4286 1268 4358 [liquatuor
1285 4285 1337 4341 hos
1357 4302 1405 4356 ap.
