2944 4900
493 291 857 372 rtotucottttrvn.
1204 302 1248 367 23
1308 339 1311 344 ,

92 482 149 544 suis
177 478 302 554 eredere
333 475 504 542 didicerrmt.
553 483 593 544 At
619 501 705 556 vero,
728 484 758 544 si
787 483 992 548 nonnullorum
1016 485 1176 567 probabitis
1201 497 1245 552 est
1261 506 1297 558 39

91 585 234 667 suspicio,
265 583 338 644 haec
365 585 393 642 et
420 581 536 663 reliqua
565 583 702 648 Carmina
727 586 843 648 illorum
869 596 1028 670 temporum
1057 591 1144 664 nullis
1167 591 1245 656 litte-

91 707 185 752 rarum
209 685 349 750 mandata
368 684 460 760 uotis,
483 684 535 748 sed
554 686 675 766 primuni
694 691 819 768 apoetts
835 693 998 764 memoriter
1011 691 1091 756 iacta
1113 700 1142 753 et
1156 703 1243 756 cantu

91 793 180 862 edita,
202 799 265 852 tum
285 804 339 868 per
361 785 538 866 rhapsodos‚
561 789 647 851 iniis
668 790 829 856 ediscendis
848 796 969 878 propria
989 803 1053 856 arte
1075 805 1242 878 occupatos,

91 896 216 959 cauendo
239 891 392 970 divulgata
415 908 496 964 esses
532 908 570 954 ex
599 909 674 972 quo,
704 902 859 976 autequam
881 897 991 978 scripto
1015 895 1095 958 velut
1115 897 1241 978 figeren-

90 1011 146 1078 tur,
170 998 262 1081 plura
288 993 377 1056 iniis
400 991 450 1064 vel
470 994 592 1058 consilio
616 995 664 1058 vel
691 1013 763 1058 cusu
782 999 925 1065 immutari
945 1017 1065 1062 necesse
1086 1008 1178 1072 esset3
1214 1003 1240 1064 si

90 1107 158 1166 bauo
177 1105 274 1184 ipsarn
295 1098 333 1160 ob
355 1113 487 1168 musam,
509 1097 604 1160 statim
622 1107 654 1160 ut
674 1089 763 1188 scribi
783 1109 886 1183 coepta
906 1109 988 1176 suut,
1013 1101 1131 1181 multus,
1143 1103 1238 1167 diver-

90 1209 182 1270 sitates
201 1205 384 1271 balluarum,
406 1215 474 1260 mou
493 1217 585 1262 novas
598 1201 721 1262 subinde
739 1200 923 1278 adsciverunt
937 1205 1096 1268 temeritate
1118 1214 1147 1286 et
1167 1224 1237 1272 con·

89 1311 199 1374 iacturis
222 1321 340 1374 eorum,
363 1301 414 1380 qui
436 1319 479 1380 ea¹
493 1303 622 1364 certatim
642 1301 790 1385 expolire,
813 1316 841 1368 et
861 1307 901 1368 ad
919 1309 1041 1389 optimas
1059 1309 1142 1388 leges
1165 1320 1237 1392 pott-

89 1414 156 1473 ticae
177 1409 250 1472 artis
270 1405 310 1468 od
331 1421 470 1484 suamque
493 1405 1236 1490 consuetudinemloquendioorrigetestudeban13

89 1516 110 1576 si
132 1513 258 1592 denique
278 1516 368 1570 toturn
396 1508 472 1572 lunc
499 1516 663 1593 contextum
690 1525 725 1569 ao
751 1511 856 1572 seriem
886 1510 1008 1574 durorum
1028 1520 1234 1594 perpetuorum

88 1618 248 1682 Carnium
268 1630 328 1674 nou
356 1618 414 1672 tam
442 1609 520 1682 eius,
552 1611 604 1672 rui·
622 1629 685 1672 eam
705 1599 833 1674 tribuere
860 1615 1076 1688 consuevimus,
1103 1616 1232 1695 iugenio,

89 1741 164 1802 quarn
185 1717 338 1794 sollertiae
358 1711 502 1794 politioris
525 1713 591 1774 aevi
612 1720 640 1774 et
659 1713 815 1792 multorum
829 1717 989 1781 coniunctis
1002 1717 1105 1780 studiis
1123 1715 1231 1790 debari,

88 1842 173 1906 neque
191 1822 270 1890 adeo
290 1820 371 1900 ipsas
393 1807 524 1891 ἀοιδάς,
556 1833 593 1876 ex
618 1815 723 1896 quibus
752 1817 822 1880 ilias
851 1828 880 1880 et
899 1818 1032 1900 Odyssea
1052 1819 1232 1900 compositae

88 1937 160 2000 sunt,
186 1925 279 1987 unum
309 1936 406 1982 omnes
435 1924 586 1992 amtorem
607 1919 731 1996 lubere,
764 1921 967 1987 verisimilibus
996 1922 1173 2002 argumentis
1201 1930 1231 1984 et

29 2041 31 2048 ’
88 2029 241 2094 rationibus
265 2025 463 2105 eiicipotest3
489 2021 535 2093 si‚f
550 2019 682 2105 iuquam,
707 2019 794 2084 aliter
812 2023 848 2084 de
863 2024 1068 2096 bisomnibus‚
1090 2025 1229 2104 aovulgo

87 2135 125 2208 it,
153 2128 371 2196 existimandum
405 2133 462 2191 est:
506 2122 575 2202 quid
600 2129 660 2181 tum
689 2122 758 2194 erit,
797 2125 841 2186 bis
870 2125 1051 2188 Carminibus
1078 2126 1229 2206 pristinum

87 2239 195 2300 nitorem
217 2244 249 2298 et
270 2247 436 2313 germanam
457 2227 577 2288 formam
598 2243 680 2292 stram
701 2223 876 2292 restituere?

176 2339 286 2403 Paucis
306 2335 403 2402 veritis
422 2329 653 2409 significarim,
683 2328 719 2392 de
742 2313 845 2409 quibus
866 2329 967 2412 paullo
995 2335 1062 2412 post
1091 2336 1119 2396 et
1140 2346 1227 2394 acerr-

87 2444 166 2505 ratius
187 2442 250 2506 alio
272 2440 338 2502 loco
359 2437 510 2499 disserm.
553 2433 701 2510 Quoniam-
716 2434 913 2511 animvideo‚
942 2434 973 2494 ia
996 2432 1041 2493 bis
1062 2431 1131 2494 miffi
1152 2433 1227 2494 anti·

87 2547 190 2623 quitatis
220 2543 326 2628 paene
349 2539 440 2602 omnis
466 2537 610 2598 firmatam
633 2537 797 2618 opinionem
816 2535 1137 2609 convellendam‘essm
1167 2553 1225 2614 quo
1327 2534 1333 2544 '

86 2648 270 2731 incorruptius
299 2662 380 2708 meae
413 2642 542 2704 rationes
577 2639 792 2721 ponderentur,
827 2635 903 2700 nuno
938 2637 1080 2714 duntaxat
1109 2637 1228 2718 potiora

86 2761 214 2812 momenta
237 2767 338 2812 earum
360 2744 517 2817 summatim
540 2751 569 2804 et
590 2738 992 2823 suspensamauutractaho.
1023 2739 1121 2818 ‘Quae
1139 2759 1226 2818 qurum

86 2851 246 2916 intellexero
268 2850 387 2912 eruditis
407 2866 465 2910 nou
484 2845 617 2926 plectere,
639 2842 731 2910 idest
752 2841 905 2908 contrariis
918 2839 1066 2904 momentis
1087 2847 1115 2900 et
1134 2840 1224 2901 ratio·
1240 2849 1276 2903 to

87 2955 158 3016 nibus
185 2953 314 3029 elevavi5
343 2953 416 3012 laec
441 2949 549 3030 primus
578 2947 641 3026 ipse
667 2945 850 3017 retractabo,
877 2937 919 3004 sd
947 2936 984 3004 dd
1014 2936 1122 3004 rudore
1147 2936 1225 3006 θεοὶ

86 3052 262 3136 permodico
281 3053 379 3114 θεῖεν.
423 3051 496 3114 llum
515 3057 543 3111 et
564 3047 636 3109 nibil
655 3048 684 3108 in
706 3047 751 3108 lris
764 3047 896 3121 litteris,-
922 3046 1002 3128 quod
1024 3055 1128 3110 eontra
1147 3064 1224 3108 com-

87 3177 184 3222 munem
206 3155 372 3242 opinionem
394 3156 445 3232 sit,
473 3150 721 3234 expavescendum
743 3157 812 3231 puto
842 3167 906 3210 esse
928 3133 990 3210 veri
1013 3149 1157 3220 studioso,
1186 3157 1223 3222 et,

55 3267 58 3280 '
87 3264 128 3324 ubi
145 3265 267 3331 historia
284 3255 426 3340 tacetvel
448 3255 594 3333 mussitat,
622 3252 759 3316 facillime
779 3253 883 3334 cuique
906 3250 1072 3334 patiendum
1094 3269 1126 3312 se
1147 3251 1224 3311 vinei

86 3367 117 3426 ab
134 3368 181 3445 iis,
213 3366 265 3447 qui
286 3363 445 3432 (obscuram
465 3359 570 3422 lamam
596 3361 624 3419 et
647 3353 759 3417 incerta
783 3370 880 3420 rerum
904 3352 1074 3422 traditarum
1099 3351 1224 3428 vestigia

86 3471 235 3532 versutiosa
257 3466 386 3529 acumine
407 3458 592 3542 interpretari
612 3455 713 3518 sciant.
763 3454 798 3517 lu
822 3457 878 3518 lac
905 3455 980 3518 enin
1004 3455 1099 3536 primo
1117 3461 1224 3528 aetate,

67 3569 110 3650 'in
128 3591 182 3652 qua
199 3569 345 3633 Homerici
365 3574 462 3628 textus
485 3563 615 3643 origines
640 3559 826 3642 quaerendae
846 3553 931 3634 sunt‚·
951 3559 1000 3622 vix
1015 3567 1104 3650 tenue
1127 3555 1224 3620 lumen

86 3671 227 3755 babemus;
263 3691 328 3752 quo.
342 3679 436 3732 tamen
470 3673 520 3728 aut
547 3666 640 3750 perite
659 3661 811 3738 utendum,
840 3671 891 3726 aut
919 3661 1062 3746 plenaque
1085 3661 1222 3723 insecutis

86 3779 248 3858 temporibus
272 3774 353 3838 lacta
373 3787 526 3854 perperam
545 3767 703 3833 existimari
723 3783 842 3853 necesse
862 3773 914 3831 est.

609 3991 679 4072 Xll·

173 4185 268 4272 ipsum
294 4187 457 4269 ingressum
484 4181 606 4245 obstruit
634 4179 717 4240 uobis
743 4175 895 4262 proposita
927 4188 1019 4252 nuper
1051 4169 1099 4232 vel
1117 4169 1224 4252 'potius

85 4299 212 4354 renovata
226 4291 401 4370 gravissima
417 4286 550 4369 quaestio
571 4285 607 4350 da
619 4281 717 4365 primis
729 4280 817 4342 initiis
832 4275 976 4341 scribendi
991 4273 1069 4356 apud
1085 4271 1224 4344 Graecos.
