2944 4900
191 312 235 387 58
580 307 950 378 PROLHGOMENA.

191 500 454 582 remacensem
466 499 656 582 excerpendis
678 505 706 560 et
725 497 960 561 consarcinandis
981 495 1019 558 cd
1040 496 1153 560 medum
1175 495 1348 571 Centonem,

193 605 295 688 quales
317 623 355 668 ex
377 604 502 668 Homero
523 623 543 665 a
562 602 670 665 sanetis
691 602 793 668 animis
811 601 881 662 iacti
901 607 1031 674 exstent,
1055 599 1196 665 ridicuine
1212 602 1347 682 ineptiae

192 711 226 776 in
251 727 361 774 sumna
393 708 538 786 granato
574 723 679 770 rerum.
735 705 833 783 Atque
868 702 1030 764 absurdum
1052 702 1126 766 iHed
1156 713 1346 768 commentum

192 813 279 876 etiem
305 812 418 892 turpius
441 817 573 874 ereetum
596 816 641 870 est
669 808 707 869 ei)
736 806 789 878 iis,
807 805 870 885 ‘pri
901 805 1103 872 circuieterios
1120 817 1267 872 cauteres
1298 810 1347 872 sui

193 917 330 998 temporis
353 911 507 995 rhapsodis
527 910 634 972 similes
654 909 727 982 rati,
751 925 798 968 res
806 954 817 981 „
839 926 913 987 quas
937 909 979 972 ilii
997 910 1171 986 cecinerint,
1191 913 1221 974 iu
1242 911 1348 974 omnia

193 1023 286 1103 pietas
313 1014 474 1097 etbeoiilo
508 1011 717 1077 demonstratas
738 1012 899 1090 engeltart.
947 1010 1064 1076 Tertius
1094 1030 1178 1076 error
1203 1013 1347 1076 latissime

194 1130 290 1204 petet,
320 1122 376 1183 hoe
405 1118 472 1180 loeo
496 1117 578 1178 nohis
605 1116 636 1176 iu
664 1114 763 1195 primis
791 1113 1005 1192 coarguendus.
1064 1113 1136 1177 Nem
1171 1113 1249 1198 quod
1277 1123 1348 1176 ente

194 1228 329 1290 usitntam
350 1220 496 1284 scribendi
522 1226 613 1280 artem
642 1234 788 1280 commuue
817 1224 880 1278 erat
903 1215 1083 1278 Carminibus
1110 1217 1257 1289 omuibus,
1286 1219 1348 1294 siu-

196 1329 310 1408 gulnrex
325 1325 450 1388 Homero
478 1322 636 1382 institutum
665 1320 809 1392 iecerunt,
841 1337 963 1400 eumque
990 1328 1100 1403 retem,
1127 1336 1210 1398 quem
1236 1319 1348 1398 ingenii

196 1433 241 1494 sui
262 1433 445 1494 monumenta
475 1424 582 1504 scripte
608 1423 797 1501 consignasse
825 1440 884 1485 uon
907 1423 1092 1496 dubitabant,
1124 1440 1212 1484 unium
1240 1421 1287 1482 uel
1314 1423 1346 1482 in

193 1535 296 1618 paucis
322 1529 456 1594 cantitari
479 1532 507 1590 et
527 1527 691 1591 memoriter
712 1525 829 1604 uulgari
848 1525 965 1616 solitum
981 1533 1128 1607 putarent.
1170 1525 1226 1588 Cei
1238 1527 1348 1591 reticui

195 1649 227 1703 et
248 1639 314 1719 ipsa
334 1651 382 1696 res
416 1640 444 1693 et
465 1638 593 1694 ueterum
614 1630 772 1695 aucteritas
798 1647 920 1710 prorsus
944 1637 1097 1709 repugnet
1150 1629 1251 1710 Neque
1272 1631 1349 1702 cuim

197 1743 282 1804 uanius
301 1735 434 1808 Homeri,
457 1733 511 1797 sed
533 1741 562 1796 et
581 1731 702 1795 Hesiodi
722 1741 751 1794 et
770 1731 894 1795 alierum
907 1732 1059 1806 emmim,
1080 1750 1221 1813 omneque
1236 1733 1349 1814 epicum

147 1855 181 1909 98
197 1860 309 1924 genus,
336 1855 403 1902 mox
424 1837 543 1918 lyricam
563 1852 684 1916 quoquc
705 1842 733 1896 et
753 1833 918 1910 iambicum,
950 1833 1102 1916 complexa
1128 1843 1172 1898 cst
1199 1853 1248 1898 ars
1276 1836 1348 1898 rlra-

196 1947 354 2030 psoderum
368 1936 429 2015 ⁶³),
455 1939 568 2020 fuitque
592 1937 640 1999 diu
660 1938 732 2000 haec
754 1937 840 2000 uuiea
859 1937 908 1998 vie
927 1936 1044 2018 publice
1064 1938 1207 2017 prodendi
1226 1939 1348 2016 ingenii,

197 2060 230 2114 nt
248 2051 334 2112 etism
351 2043 561 2124 Xenophanem
582 2047 715 2122 poemate
742 2060 797 2103 sue
816 2042 910 2122 ipsum
929 2035 1125 2124 ῥαψῳῠῆσαι
1142 2038 1272 2118 legemus
1288 2033 1348 2121 ⁶⁴).

196 2157 230 2218 in
257 2149 417 2222 Homericis
444 2154 555 2217 entem,
584 2144 707 2206 omnium
733 2143 1004 2224 praestantissimis,
1035 2143 1223 2224 plurimorum
1251 2141 1350 2204 studia

196 2258 345 2328 haesisse,
381 2260 410 2313 et
444 2247 531 2328 qnasi
557 2245 714 2327 sensilium
743 2245 887 2324 quandem
916 2245 1059 2310 exstitisse
1090 2245 1348 2325 Homericum,
1463 2225 1464 2272 ἦ

198 2376 275 2442 quae
295 2357 417 2439 primum
442 2348 521 2432 apud
545 2345 648 2419 Chios,
680 2345 783 2408 deinde
811 2345 882 2410 edei
906 2347 982 2412 hanc
1011 2355 1102 2416 arten
1130 2357 1279 2413 exerceret
1293 2342 1350 2426 65),

197 2463 350 2526 multorum
369 2451 537 2519 testimoniis
561 2448 754 2514 confirmatur.

199 2620 505 2644 ...-—----

299 2728 347 2796 gia
366 2721 470 2776 icieiiit.
506 2719 567 2776 Neu
585 2720 655 2774 enim
674 2715 795 2792 ῥάπτειν
820 2724 866 2772 aut
884 2719 1018 2792 ὑφαίνειν
1040 2722 1079 2773 itu
1104 2720 1136 2774 de
1156 2719 1349 2790 componendis

301 2807 424 2864 uersibus
443 2804 495 2859 diei
512 2805 597 2868 sedet,
626 2803 703 2856 etde
721 2804 855 2858 struendis
872 2805 944 2859 dolis
963 2811 990 2860 ct
1006 2806 1137 2860 consitiis.
1181 2805 1349 2860 Adversatur

300 2897 380 2948 etism
408 2890 541 2946 Pindarus
564 2887 637 2942 Nem.
664 2885 711 2948 lt..
741 2886 787 2940 eei
806 2890 1007 2956 ignavissimum
1032 2894 1058 2944 itr
1084 2892 1133 2944 iiic
1161 2894 1267 2944 ratione
1283 2894 1345 2959 epi·

301 2979 393 3032 theton
416 2982 488 3030 esset
510 2978 536 3028 iu
562 2973 667 3035 verbis,
695 2972 926 3043 cantassemus
951 2972 1059 3028 ἀοιδοί.
1101 2975 1194 3046 Neque
1219 2993 1266 3040 ee,
1295 2977 1346 3034 sed
1414 3009 1418 3014 -

239 3095 242 3102 ι
300 3062 458 3130 simpliciter
481 3059 515 3113 ed
539 3066 644 3110 eentum
660 3057 862 3122 rdepseda‘cem,
887 3057 1018 3112 trahenda
1041 3066 1083 3120 est
1100 3061 1200 3116 decutio
1224 3058 1346 3132 ῥάπτειν

301 3141 404 3210 ἀοιδὴν
428 3147 455 3198 in
473 3159 558 3198 verse.
580 3140 698 3196 Hesiodo
716 3140 824 3195 tributis
849 3157 892 3213 ap.
915 3141 1005 3198 Sedei.
1024 3142 1101 3198 Pind.
1126 3146 1145 3199 i.
1164 3161 1187 3200 e.
1227 3145 1282 3200 Sed
1301 3145 1346 3201 iric
1462 3195 1463 3214 p

299 3231 398 3302 attingi
414 3235 515 3285 tautum
536 3234 648 3300 pessunt
668 3230 721 3282 ista
740 3229 838 3282 emnia.
1462 3249 1463 3274 ι

239 3321 289 3389 63)
307 3316 376 3373 Vide
395 3314 463 3372 itm.
486 3315 519 3370 dc
541 3314 627 3385 Legg.
654 3311 688 3368 11.
716 3330 741 3382 p.
766 3316 827 3370 658.
849 3311 896 3378 it,
924 3314 952 3366 iu
977 3311 1041 3367 ioue
1067 3329 1092 3383 p.
1115 3319 1175 3373 530.
1195 3316 1225 3370 B.
1248 3315 1346 3374 Aenon,
1462 3325 1463 3350 ι

300 3399 370 3460 xlv.
387 3417 414 3469 p.
434 3405 495 3458 620.
516 3399 544 3453 G.
631 3448 634 3454 .

237 3487 354 3560 64)Ap.
373 3485 564 3554 Diog.1.aert.
588 3484 641 3550 lx,
670 3489 711 3540 18.
755 3480 837 3543 Quem
864 3481 949 3536 ieeum
972 3482 1085 3541 Hessius
1110 3501 1195 3556 nuper
1218 3489 1248 3542 in
1267 3486 1349 3542 Cem-

301 3573 419 3628 meututt.
440 3567 530 3624 Laert.
559 3583 613 3622 nee
638 3569 732 3624 rneiius
756 3569 859 3636 aceepit
884 3581 962 3638 quem
990 3567 1146 3628 Feneriinus
1171 3574 1200 3626 in
1218 3571 1289 3626 Dies.
1313 3572 1349 3627 de

256 3719 258 3722 ¹
300 3652 468 3722 Xenophane
486 3668 512 3720 p.
528 3658 574 3706 21.
1290 3643 1296 3648 ’

238 3742 289 3812 65)
306 3737 444 3794 Familiam
470 3735 530 3788 dieo
556 3749 588 3788 ea
606 3737 821 3804 significatione,
846 3754 900 3809 qua
925 3740 1043 3796 iamiiiae
1066 3745 1237 3812 appodiantur
1259 3752 1352 3800 sectae

301 3824 346 3881 rei
370 3821 481 3876 sedoiee
506 3818 832 3890 philosophornm‚'eon
856 3830 982 3896 unquam
1005 3829 1116 3897 stirpem
1142 3835 1171 3884 et
1190 3833 1350 3901 progeniem

302 3907 422 3964 Homeri.
463 3905 539 3959 Hane
557 3907 802 3975 interpretationem
821 3911 1005 3979 retineremus
1023 3915 1136 3966 raritati
1155 3914 1281 3970 (Hierum
1303 3929 1347 3984 ap.

302 3992 393 4048 Strcb.
416 3990 486 4046 xlv.
512 4006 538 4059 p.
564 3992 641 4054 ets..
666 4005 683 4046 a
707 4008 761 4062 pec
786 3995 903 4054 tertosae
927 3998 980 4064 ipsi
1004 3995 1165 4054 Heneridne
1194 4000 1349 4055 nituerunt.
1461 4033 1462 4060 i

228 4117 230 4119 -
305 4079 356 4140 Qui
375 4082 399 4132 si
416 4094 480 4132 rere
499 4093 584 4147 geum·
597 4093 689 4142 suune,
709 4095 760 4136 neo
779 4085 879 4142 artem,
897 4080 1035 4136 dormant
1054 4083 1235 4150 abliorrere,
1256 4085 1351 4154 pauido
1461 4129 1462 4132 ,

304 4168 422 4219 certiore
440 4163 472 4218 de
492 4163 627 4216 nitatibus
654 4167 754 4220 etrite
778 4167 836 4217 eius
851 4165 963 4220 tradere
981 4166 1124 4223 dedebant.
1165 4168 1258 4240 Neque
1282 4186 1350 4224 vere

303 4255 487 4320 argumentum
507 4255 548 4304 est
571 4251 598 4302 in
626 4249 693 4302 iocis
718 4247 845 4314 Pindari,
870 4247 989 4306 Acusiici
1006 4259 1034 4306 et
1051 4253 1184 4310 Heiiaeiei
1207 4258 1262 4322 (op.
1281 4253 1355 4307 Hur-

306 4349 380 4403 peer.
399 4350 423 4390 ι.
442 4331 622 4406 Ὁμηρίδαι),
642 4335 713 4406 qued
732 4336 869 4405 rntgercm
887 4335 961 4392 iiis·
979 4337 1074 4392 tamem
1093 4339 1249 4410 ceetirmet3
1268 4340 1355 4394 meite
