2976 4900
527 349 900 416 PROLEGOMENA.
1130 388 1136 394 ·
1228 350 1289 420 161

136 535 190 597 sed
210 535 372 597 hominibus
395 535 514 598 Graecis
537 539 628 600 minus
652 538 791 612 difficilis,
816 539 1015 610 excelluerunt
1028 545 1117 618 atque
1132 539 1288 620 praeclara

136 639 269 720 exempla
293 639 433 702 dederunt
447 637 497 714 ⁵¹)
766 701 772 704 ,
918 693 921 696 ,

234 741 356 816 Fateor,
386 745 458 804 baec
488 742 583 804 omnia
609 761 627 802 a
649 744 734 804 nubis
762 762 820 804 non
842 758 930 822 posse
952 735 1114 802 confirmari
1144 687 1182 802 ob
1212 761 1282 822 ege·
1300 747 1351 802 267

134 851 224 906 states
251 844 388 906 iontirnn:
434 853 462 906 et
490 845 634 906 clarorum
664 852 822 926 temporum
850 843 943 905 luceru
973 845 1151 923 exspectanti
1178 847 1284 910 seusina

134 946 264 1027 subrepit
285 915 410 1010 tbediurn
432 950 680 1017 coniecturarum
713 955 743 1007 ιιι
763 965 850 1008 annana
871 964 931 1007 rein
951 962 1010 1006 non
1030 945 1121 1006 debeo
1143 948 1282 1022 omittere,

133 1049 172 1110 ad
195 1049 332 1110 iudicium
360 1055 491 1112 nostruin
514 1049 553 1110 'de
578 1047 637 1110 *boc
658 1049 778 1128 uulgato
800 1049 925 1112 Homero
955 1048 1166 1126 grauissimam.
1210 1050 1283 1112 Nem

131 1161 164 1214 nt
189 1152 376 1214 Aristarchus
396 1170 414 1211 a
435 1150 568 1232 pluribus
588 1160 717 1214 ueterum
737 1153 842 1235 partim
867 1151 947 1213 clare
968 1151 1072 1230 partina
1089 1151 1190 1213 tectius
1213 1152 1284 1213 insi·

132 1255 260 1318 molatur
280 1256 421 1317 maximae
444 1254 610 1326 teineritatis
631 1255 661 1317 in
683 1253 878 1332 corrigendo,
904 1252 935 1312 in
964 1250 1101 1313 tollendis
1129 1260 1157 1314 et
1180 1270 1283 1316 excer-

131 1357 234 1420 neudis
261 1358 344 1418 bouis
371 1355 503 1420 uersibus
521 1352 580 1436 ⁵2),
599 1357 655 1418 ita
683 1355 765 1418 nemu
793 1339 873 1417 unos*
904 1354 1064 1446 reperitur,
1101 1356 1151 1434 qui
1186 1356 1279 1438 ipsum
1297 1357 1348 1412 268

361 1507 363 1514 .

126 1527 443 1540 ———--—-

165 1623 215 1692 51)
235 1621 327 1692 Neque
346 1625 431 1677 solum
451 1627 478 1678 in
499 1623 624 1696 optaras,
650 1634 679 1680 ιιι
699 1633 771 1696 puto.
809 1625 875 1680 Noui
896 1625 929 1679 ad
951 1623 1012 1680 illos
1034 1630 1199 1696 potissimum
1220 1628 1278 1681 Cri-

236 1713 306 1760 ticos
326 1709 366 1762 rel
386 1709 532 1778 discipulos
552 1727 642 1765 eorum
662 1712 811 1774 retulerim,
836 1701 907 1781 quod
931 1711 1125 1768 eruditioribus
1145 1717 1279 1768 aetatibus

238 1792 336 1844 nullum
354 1793 509 1860 terebatur,
530 1793 773 1868 ὁμολογούμενον
790 1793 914 1867 γράμμα
931 1800 977 1861 τῆς
993 1793 1117 1868 Ὁμήρου
1137 1796 1280 1864 ποιήσεως
1295 1845 1297 1848 ,

234 1874 444 1949 πρεσβύτρρον,
473 1885 502 1932 ut
522 1884 560 1932 ait
585 1879 690 1950 loseph.
734 1880 796 1934 Sed.
813 1881 846 1934 de
871 1881 980 1950 Hymnis
1004 1898 1089 1952 prope
1114 1891 1278 1953 compertum

233 1961 336 2028 Ιιιιιιιο,
362 1964 433 2033 quud
464 1964 541 2030 modo
567 1967 639 2028 alid,
671 1967 769 2018 nullum
797 1965 934 2021 doctorum
964 1965 1205 2038 A·lcxandrinorunr
1231 1983 1278 2022 eos

234 2047 444 2118 pruHornercis
469 2048 604 2104 habuisse.
640 2047 726 2102 Etiarn
754 2049 797 2102 bic
814 2050 923 2103 silentia
940 2049 1092 2118 loquuntur.
1129 2051 1187 2104 Noa
1207 2053 1279 2122 quod

156 2144 159 2153 ¹
235 2133 335 2186 talibus
359 2135 604 2202 significationibus
628 2134 738 2186 multum
758 2134 887 2195 tribuent,
905 2135 1000 2206 ,qualis
1029 2141 1070 2188 est
1093 2149 1134 2204 ap.
1154 2137 1277 2206 Apellen.

233 2216 298 2270 Lex.
319 2234 342 2270 v.
364 2219 590 2290 ‹iolopqtetdm
623 2220 674 2271 etsi
698 2220 766 2270 istae
794 2234 846 2270 non
866 2218 897 2270 de
924 2216 1009 2271 nihilo
1028 2223 1096 2271 sunt.
1141 2217 1277 2289 Nusquam

236 2304 264 2355 in
283 2309 324 2357 tot
344 2299 462 2366 Scholiis
482 2305 515 2357 ad
535 2303 644 2380 iliadem
665 2307 691 2354 et
710 2299 873 2371 Odyssean,
892 2313 925 2354 ne
944 2302 1025 2356 semel
1043 2301 1164 2374 quidem,
1183 2311 1277 2358 auoto-

235 2391 304 2440 ritas
321 2387 481 2458 llytnnorunr
501 2390 630 2451 allartus,
649 2399 726 2454 quarn
747 2388 805 2438 eius
824 2389 864 2440 rel
882 2389 989 2440 ocrcasio
1008 2392 1087 2451 esset.
1124 2388 1202 2442 loturo
1221 2405 1278 2444 curn
1314 2429 1317 2436 ,
1342 2407 1346 2448 .·

132 2482 134 2486 '
233 2476 360 2542 exemplis
381 2480 437 2528 coin
456 2461 603 2547 ceuriptov
627 2487 648 2524 ε.
671 2476 727 2525 τῶν
744 2469 810 2542 μεθ’
834 2469 977 2543 Ὅμηρον,
1000 2478 1142 2541 podiorum
1159 2477 1278 2527 Homero

230 2561 424 2625 posteriorum,
447 2576 519 2630 quac
533 2561 681 2614 afferuntur
701 2556 734 2606 alr
757 2555 829 2618 illis,
851 2557 974 2608 coruveuit
992 2571 1179 2628 ruonnunquarn
1198 2561 1277 2628 prlane

232 2642 276 2696 lut
292 2659 356 2698 usus
376 2644 551 2714 llpnruorum
584 2639 658 2700 Quae
678 2655 699 2691 ιι
721 2653 784 2690 iero
801 2647 889 2704 sunt
900 2640 979 2694 leode
996 2647 1086 2709 polest
1101 2657 1196 2694 conncr
1205 2646 1278 2712 ,qui

236 2729 333 2784 lantoni
349 2732 399 2794 sit,
420 2735 448 2782 ut
463 2731 525 2788 olim
538 2728 612 2781 nulla
626 2725 740 2778 celebris
754 2723 835 2777 iuuerit
849 2725 971 2778 collectio
988 2715 1164 2794 Hyrnnoruur,
1182 2734 1279 2796 parata

231 2813 265 2866 ab
296 2815 401 2867 erudito
426 2811 634 2886 (ιιιιιιιιιιιιίιο.
659 2805 796 2886 Νιιιιίιιιιιι
814 2811 837 2860 si
865 2809 960 2862 luisset
983 2811 1063 2872 talis,
1088 2816 1134 2862 aut
1155 2812 1277 2880 equidem

233 2896 444 2968 Scholiastarnrn
460 2897 699 2952 coruscetudiuenr
693 2910 807 2962 ignoro,
826 2900 872 2946 aut
887 2895 985 2947 alicubi
999 2896 1094 2948 saltum
1108 2899 1166 2948 eius
1181 2913 1278 2952 nonren
1364 2910 1366 2915 ·

166 3045 170 3048 ,
231 2989 356 3038 exstaret.
393 2959 486 3036 Nunc
481 2983 582 3053 ilprnni
604 2982 637 3034 ab
654 2983 761 3049 optimis
778 2981 955 3050 scriptoribus
970 2983 1138 3052 aurtiqnitatis
1152 2983 1277 3052 neglecti,

230 3075 340 3137 praetor
359 3067 518 3122 Pausaniam
543 3075 569 3122 et
593 3058 694 3142 sirpiles
720 3068 906 3136 antiquarios,
931 3081 963 3118 ne
990 3067 1152 3120 desiderium
1173 3068 1278 3139 quidem

231 3161 351 3206 nostrum
390 3151 540 3216 arcuerunt,
578 3154 631 3204 nisi
669 3166 732 3204 rara
765 3152 874 3204 lortuna
908 3151 1012 3220 aliquot
1048 3153 1168 3248 codicum
1205 3154 1277 3206 tuliis

231 3239 405 3306 pepercisset.
481 3261 500 3300 ·,

161 3335 295 3405 unvita
317 3352 385 3405 sup.
402 3351 428 3404 p.
458 3341 518 3390 232.
545 3349 603 3404 sqq
630 3340 655 3387 ot
679 3335 738 3389 253.
764 3349 803 3404 sq
845 3333 880 3388 At
908 3334 1025 3387 tortasse
1049 3287 1169 3388 nonnulli
1198 3339 1277 3388 eiiam

232 3423 431 3493 ἐξαίρεσιν
451 3421 588 3492 (iiicrruu)
605 3420 776 3472 subiecerunt
797 3419 928 3472 uocabulo
951 3416 1174 3486 oiderq'ccurr.
1212 3419 1278 3472 Nam

233 3509 286 3558 ista
305 3504 357 3558 diro
384 3506 512 3559 corilundi
535 3503 659 3560 uidentur
686 3503 835 3567 interdum
867 3509 893 3556 et
911 3503 972 3562 ¹luit
999 3502 1077 3558 lacile
1105 3505 1278 3566 contundere,

233 3593 392 3660 praesertim
413 3573 497 3643 uerba
512 3587 694 3661 περιγράψω
715 3596 742 3644 et
759 3589 871 3648 ἐξελεῖν.
909 3587 1063 3644 Cuiusmodi
1078 3597 1178 3644 certunr
1191 3607 1279 3644 excut-

234 3675 304 3744 plum
323 3675 436 3744 praehet
454 3673 572 3730 Eustatb.
592 3672 626 3726 ad
644 3671 742 3742 Odyss.
761 3691 784 3742 p.
800 3677 876 3728 1480.
897 3679 937 3738 19.
952 3673 1052 3726 esitato
1067 3675 1126 3729 loeo
1140 3675 1278 3730 Athenaei.

237 3759 358 3812 Ceterum
379 3759 515 3812 libidinem
542 3758 714 3826 corrigendi,
741 3773 809 3826 quae
825 3757 944 3827 'proprie
971 3759 1068 3811 dicitur
1092 3761 1118 3811 in
1145 3761 1234 3813 serbis
1254 3767 1280 3811 et

236 3848 376 3898 sententiis
398 3843 529 3912 singulis,
559 3849 663 3896 setores
688 3846 826 3896 rarissime
847 3841 1043 3912 reprehendunt
1065 3845 1092 3894 in
1111 3839 1278 3904 Aristarcho,

233 3932 283 3982 etsi
303 3946 357 3990 non
381 3943 445 3982 raro
464 3927 626 3982 recedente
645 3926 759 3979 decretis
786 3929 851 3980 eius.
896 3927 1007 3981 Praeter
1033 3925 1100 3980 haee
1126 3927 1279 3994 singulares

232 4019 293 4068 suut
312 4017 340 4088 in
358 4013 475 4067 Sabellis
494 4013 546 4066 loci
565 4011 634 4076 duo,
662 4027 728 4064 unus
754 4009 788 4063 ad
819 4033 836 4064 ι.
862 4020 922 4068 222.
941 4013 1011 4066 alter
1038 4010 1072 4063 ad
1096 4027 1126 4062 π.
1145 4013 1205 4066 tud.
1250 4010 1280 4066 lu

162 4131 166 4139 .
232 4102 326 4168 priore
343 4095 503 4154 Aristarcho
523 4101 601 4151 etiarn
628 4099 782 4150 reuerentia
803 4102 919 4152 ,ueterum
944 4098 1129 4151 reoeusicnunr
1152 4096 1281 4148 tribuitur

231 4189 258 4236 ct
276 4182 393 4258 περιττὴ
413 4179 557 4249 εὐλάβειαι
585 4187 612 4235 in
631 4185 783 4251 posteriore
802 4183 955 4234 constantie
966 4179 1159 4232 emendationis
1179 4179 1280 4244 eorum,

232 4282 302 4337 quae
320 4269 471 4337 praeceptis
497 4270 553 4320 suis
578 4270 721 4322 eorrtraria·
741 4270 870 4336 putasset.
914 4263 998 4324 (lanus
1019 4267 1087 4317 enirn
1116 4264 1154 4317 ibi
1180 4265 1282 4335 aliquid

232 4351 287 4405 tale
310 4354 360 4415 sit,
390 4359 534 4408 enarrator
554 4355 675 4424 coniicit,
703 4355 730 4406 in
748 4351 893 4420 exernplari
917 4350 991 4402 illius
1024 4345 1103 4400 aliam
1122 4351 1282 4417 scripturam

170 4453 257 4496 Wolf.
277 4456 368 4504 Proleg.
1034 4436 1074 4497 ll
