2944 4900
475 277 844 398 bunnecounun.
1097 347 1101 358 -
1193 245 1236 396 5'5

92 487 303 588 'disputationem
325 505 440 584 ingredi
462 506 498 568 de
519 509 595 570 unni
617 511 745 600 ratione,
767 511 979 591 qrrallomerns
998 512 1029 574 in
1042 512 1235 596 descriptione

31 615 32 628 ¹
100 610 220 672 heroicae
242 608 317 677 uitae
339 601 452 670 uersa'ri
474 609 558 672 solet.
608 611 673 676 Nou
697 613 773 674 enim
797 611 875 694 apud
902 611 982 700 illum
1004 614 1061 674 nisi
1087 616 1132 678 bis
1154 626 1234 682 terre

99 713 145 774 boo
164 728 253 789 genus
273 711 389 791 reperio
418 711 547 776 eruditae
577 716 665 789 artis,
693 717 771 795 quod
798 723 903 798 politae
929 714 1082 782 cultiorum
1106 727 1233 784 aeonum

99 813 232 886 aderant,
261 831 347 892 quum
369 814 549 894 superiorum
568 816 704 879 labulosa
725 826 810 896 gesta
831 835 936 890 scenae
955 819 1108 888 reddentes
1130 833 1233 888 carent

99 915 201 990 sedrrlo,
222 934 257 976 ne
279 917 402 996 priscam
422 916 614 980 sinceritatem
634 919 716 980 noris
731 921 857 980 moribus
870 919 1012 998 insonent,
1036 942 1094 1004 quo
1115 926 1230 992 sanlius

99 1017 237 1082 lectoribus
257 1017 304 1078 uel
324 1021 550 1099 spectatoribus,
573 1031 693 1105 propter
713 1024 891 1104 antiquitatis
911 1026 1043 1105 peritiam
1063 1027 1229 1102 incredulis,

99 1121 241 1201 imponant,
273 1139 384 1203 eosque
410 1124 497 1184 rebus
523 1142 558 1186 ec
587 1127 739 1206 personis,
778 1127 881 1206 quibus
908 1130 1092 1191 cummaxime
1119 1131 1230 1210 uolunt,

98 1224 221 1286 interesse
248 1233 276 1286 et
304 1234 367 1286 tota
392 1235 485 1287 morte
516 1228 601 1307 quasi
628 1245 691 1288 oum
718 1228 776 1288 illis
806 1230 904 1290 uiuere
934 1239 1042 1308 cogant
1059 1226 1111 1304 ⁵⁵).
1164 1233 1230 1310 Qua

98 1347 127 1388 ex
142 1347 170 1390 re
190 1328 273 1390 etiam
294 1327 365 1394 talia
394 1328 535 1410 quaedam
556 1337 709 1390 manarunt
737 1330 870 1392 solennia
898 1332 977 1411 apud
1002 1342 1120 1414 poetas,
1153 1355 1229 1415 qnae

97 1440 150 1492 orta
167 1433 285 1512 pomnen
312 1450 336 1494 e
356 1441 435 1492 certa
450 1435 658 1512 persuasione
687 1440 799 1506 uatum,
828 1451 904 1514 nune
924 1442 1042 1497 sacrata
1063 1423 1228 1500 consueto-

96 1535 156 1596 dine
180 1553 211 1596 se
238 1542 364 1612 tenentur.
422 1534 467 1599 lta
497 1535 642 1615 hodieque
670 1533 836 1614 longiorum
866 1533 1029 1610 Coruinum
1061 1538 1226 1610 conditores
1244 1548 1278 1601 93

31 1649 32 1652 ’
97 1639 212 1714 omnem,
233 1657 319 1719 quem
340 1639 429 1720 prisci
451 1637 495 1698 illi
516 1637 686 1712 credebant,
711 1638 839 1700 allatum
858 1638 1009 1700 Musarum
1033 1646 1061 1700 et
1081 1640 1227 1724 Apollinis

97 1743 280 1814 emendantur,
309 1741 396 1822 stab
424 1741 459 1801 iis
483 1739 659 1814 numinibus,
692 1759 768 1821 quae
789 1758 871 1802 nemo
898 1757 962 1802 esse
993 1740 1098 1814 credit,
1126 1740 1226 1806 doctos

96 1864 121 1906 se
136 1834 219 1908 odere
238 1852 387 1922 cantura,
417 1862 475 1906 non
495 1844 618 1906 humano
637 1862 717 1906 ruore
738 1844 824 1926 loqui
853 1841 902 1926 rel*
921 1843 1056 1904 seribere
1077 1844 1226 1907 simulant:

96 1967 125 2013 ex
142 1968 193 2029 quo
214 1951 275 2012 iam
296 1947 319 2008 ii
338 1965 455 2030 quoqne
475 1954 610 2024 cernunt,
641 1947 691 2026 qui
706 1963 757 2010 ,ne
771 1946 984 2026 pronunciare
1008 1946 1123 2026 quidem
1147 1957 1227 2012 reete

95 2061 211 2134 possunt,
239 2059 330 2131 atque
353 2051 512 2112 auditores
539 2049 595 2114 sibi
622 2049 734 2110 loturos
760 2055 878 2128 sperant
900 2061 1047 2121 uersuum,
1076 2051 1128 2130 qni
1152 2069 1227 2124 muu-

96 2175 220 2238 onnquam
240 2155 301 2218 soli
322 2153 504 2234 typographo
529 2152 723 2228 scribuntur,
762 2159 790 2212 et
820 2149 857 2216 ab
887 2147 939 2212 illo
968 2148 1108 2212 duntaxat
1135 2152 1226 2232 apua·

31 2279 32 2324 i
95 2261 333 2344 batinleguntor.
377 2251 439 2316 Sed
462 2254 535 2316 haec
558 2262 586 2314 et
607 2253 695 2316 mnrlto
715 2253 817 2336 plura,
837 2251 941 2332 quibuts
959 2259 1076 2314 nostrae
1093 2254 1226 2334 poetam

95 2365 155 2426 ratio
184 2372 209 2426 et
244 2380 295 2424 ors
332 2360 369 2420 ab
402 2358 522 2438 antiqua
547 2350 728 2439 porpoodrpro
763 2353 874 2427 dillert,
911 2355 947 2415 ab
984 2354 1050 2415 aliis
1077 2355 1225 2436 magistris
1296 2405 1298 2410 ,

94 2467 280 2548 cognoscenda
307 2470 381 2526 snut.
442 2460 587 2542 Spernant
614 2459 711 2522 licebit
747 2459 799 2519 has
833 2451 964 2536 enuntias
987 2467 1125 2533 nostrus,
1161 2458 1225 2539 qui·

94 2590 188 2652 cunque
210 2573 365 2634 Homerum
387 2565 683 2642 iudieareneqneuut
703 2561 820 2638 nisiex
840 2562 947 2622 nostris
972 2561 1115 2638 ingeniis,
1138 2559 1224 2622 modo

93 2676 233 2750 luteorum,
265 2669 388 2734 disemis
409 2665 557 2728 sententiis
581 2664 719 2757 addictos*
740 2681 793 2724 nos
823 2681 882 2726 non
910 2663 1069 2724 temeritate
1098 2660 1165 2722 duci
1185 2660 1225 2723 ad

31 2847 32 2860 χ
94 2777 163 2840 aliter
180 2773 373 2839 iudicandum.
748 2836 752 2844 ,
1040 2815 1043 2822 -

180 2881 330 2947 decrero
353 2873 435 2938 nobis
459 2870 528 2952 ipsis
558 2868 695 2932 credibile
722 2876 813 2942 esset,
843 2865 979 2928 Carmina
1004 2883 1023 2926 a
1052 2864 1166 2926 uatibus
1197 2871 1225 2926 et

31 3041 32 3044 ,
94 2986 234 3046 dementer
252 2978 414 3062 composita
436 2982 463 3036 et
484 2973 568 3036 unius
591 2973 745 3056 memoriae
773 2969 929 3032 ministerio
956 2975 1123 3052 propagata
1151 2985 1224 3042 esse,

31 3123 32 3126 =
94 3088 225 3160 (uomodo
254 3085 330 3150 enim
363 3098 422 3142 noo
452 3087 518 3140 suot
540 3077 706 3149 credibilia,
734 3093 810 3162 quiae
833 3074 954 3138 historia
982 3071 1062 3156 cogit
1083 3069 1224 3150 eredere),

31 3181 32 3184 '
94 3209 171 3272 neque
192 3193 329 3263 orbarer,
359 3186 384 3246 si
411 3183 476 3263 quis
494 3181 548 3242 ‘uel
575 3181 625 3241 nni
646 3179 771 3242 Homero
802 3177 945 3258 quendam
972 3194 1054 3236 usuum
1082 3172 1226 3238 scribendi

94 3287 325 3382 ivdnodp‘deoru
345 3283 437 3352 iuuisse
454 3286 593 3364 lingeret,
612 3280 900 3364 nisi‘vnlgatissimns
922 3278 989 3340 olim
1008 3292 1069 3336 mos
1083 3272 1226 3334 recitandi

94 3405 116 3458 et
132 3400 213 3464 omnm
231 3395 355 3463 historia
377 3381 588 3474 rhapsodoruni
610 3381 875 3464 argumentationes
902 3369 937 3440 'et
961 3377 1087 3438 rationes
1110 3381 1225 3437 nostras

94 3505 247 3580 grauissime
268 3499 460 3566 confirmaret.
503 3491 536 3554 ln
558 3490 610 3552 illa
630 3495 725 3549 antem
746 3492 790 3548 est
804 3483 941 3556 mammo,
964 3479 1042 3562 qood
1063 3476 1225 3562 scrupulos,

127 3754 169 3821 55)
185 3752 251 3806 ilino
270 3749 403 3804 voeabula
425 3765 457 3802 en
475 3746 526 3806 boe
541 3744 614 3797 eivili
635 3741 706 3795 cultu
722 3745 775 3792 tam
796 3751 858 3789 rara
877 3741 937 3788 sunt
956 3737 982 3787 io
1002 3733 1110 3802 optimis
1129 3731 1226 3799 poetis.

181 3837 247 3897 Hirro
264 3835 396 3906 Virgilius
415 3837 442 3886 in
459 3829 594 3892 Aeneide,
616 3828 667 3880 etsi
689 3824 853 3878 llomerionm
870 3822 1050 3873 sinceritatem
1068 3823 1180 3868 craturae
1199 3815 1227 3866 in

184 3924 305 3994 plurimis
324 3920 404 3974 rebus
421 3935 476 3975 non
489 3917 657 3984 assequitur,
675 3913 816 3978 omniaque
832 3905 914 3960 babet
930 3904 1079 3962 locatione,
1098 3908 1226 3966 nusquam

183 4013 358 4079 aerumnam,
386 4010 412 4057 et
434 4016 505 4072 qnae
524 4001 558 4054 ad
585 4015 642 4058 cunr
670 3998 819 4067 pertinent,
845 3992 981 4044 memorat.
1012 3981 1118 4052 dieque
1139 3987 1228 4034 tamen

183 4109 236 4148 uno
253 4093 314 4148 loeo
331 4095 400 4146 sotis
413 4093 491 4150 ,cavit
505 4088 588 4142 larem
607 4096 742 4142 errorem,
769 4082 797 4132 in
815 4075 932 4146 Sibulla,
957 4069 1082 4123 Gerounion
1107 4067 1135 4118 in
1154 4065 1229 4132 foliis

184 4181 348 4233 describente
364 4178 436 4229 uotis
455 4183 481 4228 et
496 4171 648 4226 senioribus,
662 4165 716 4229 ill,
740 4167 799 4220 tte.
821 4154 872 4223 Vl,
899 4160 943 4212 74.
977 4152 988 4210 Ι
1008 4166 1092 4214 nuno,
1115 4155 1142 4204 et
1159 4147 1229 4200 Gor·

184 4267 262 4334 gine,
282 4263 395 4325 Ouidio,
415 4261 551 4330 Trogieis,
571 4253 712 4324 Virgilium
727 4249 796 4304 udde
810 4243 995 4316 grauissimam
1012 4243 1115 4302 testem,
1132 4236 1230 4304 qnippe

185 4356 338 4419 perpetuum
355 4347 471 4404 Homeri·
481 4347 651 4400 imitatorem.
