2944 4900
511 329 877 398 rnonhoontnttn.
1231 340 1273 406 ll

109 515 182 578 libri
206 516 421 595 suggerebant,
452 518 541 580 cuivis
563 517 785 598 persuadeant,
798 519 964 601 puriorihos
985 517 1112 584 lontibus
1131 523 1273 598 adeundis

109 635 214 696 ueram
234 618 355 680 formam
368 619 538 682 Homericae
559 619 721 700 scripturae
733 621 866 684 reuocari
878 621 1023 702 hodieque
1039 641 1136 704 porse.
1169 625 1272 708 Neque

109 719 189 782 hanc
212 737 292 800 spem
313 722 398 803 eripit
427 724 510 786 nohis
538 721 702 801 longinqua
730 721 805 783 ratis
836 731 974 788 retusos.
1021 724 1094 786 Νιιιι
1121 725 1198 790 talea
1227 737 1271 792 est

110 837 215 882 eornm
236 822 351 902 opinio,
375 825 425 904 qui
444 824 509 886 sola
522 819 737 906 longinquitate
749 827 885 906 temporis
902 825 950 888 rel
963 827 1117 890 universae
1129 829 1270 892 historiae

110 924 197 985 idem
213 924 347 1004 infringi,
369 926 417 993 uel
432 925 603 1007 scriptorum
624 929 769 1010 eorrumpi
788 928 999 1006 integritatem,
1024 936 1066 1002 et,
1088 939 1120 991 nt
1139 923 1268 1013 quidque

110 1027 268 1108 nouissime
290 1034 406 1105 gestum·
424 1027 461 1086 sit
480 1035 530 1087 aut
551 1031 703 1112 scriptum,
725 1030 1151 1112 itauerissimummaximeque
1164 1028 1279 1113 genui-⁸
1322 1053 1325 1063 ¹

108 1147 178 1190 num
200 1129 363 1192 habendum
384 1135 496 1210 putant.
538 1129 582 1193 De
601 1134 695 1216 rebus,
711 1134 800 1212 gestis
823 1133 921 1194 dicere
944 1133 1056 1196 omitto:
1097 1142 1208 1216 tempus
1230 1153 1265 1200 ao
1282 1145 1317 1199 36

108 1233 172 1294 dies
190 1233 303 1312 'optime
324 1231 445 1292 dedocet
468 1229 603 1295 credulos
633 1235 669 1298 de
696 1235 732 1296 iis
754 1235 840 1316 ipsis,
867 1253 944 1315 qnae
970 1235 1177 1316 propemodum
1205 1238 1265 1298 suis

107 1333 204 1396 oculis
228 1335 293 1412 geri
312 1334 454 1396 uiderunt.
498 1333 616 1416 Scripta
640 1345 735 1398 autem
757 1355 844 1416 quum
859 1336 935 1398 nihil
958 1336 1019 1413 uitii
1040 1335 1170 1412 trahant,
1196 1337 1263 1401 loeo

107 1455 126 1498 a
148 1437 248 1500 blattis
272 1445 300 1498 et
315 1437 398 1498 tineis
419 1444 480 1498 tuto
502 1437 619 1498 condita
638 1437 668 1497 in
690 1437 820 1509 scriniis3
853 1437 922 1517 qnid
946 1437 1055 1510 ohstat,
1078 1454 1131 1512 ne,
1153 1439 1179 1498 si
1199 1437 1264 1500 dili·

107 1557 180 1619 gens
214 1547 242 1600 et
269 1555 327 1600 non
357 1539 439 1599 nimis
467 1538 603 1618 frequens
633 1537 788 1618 descriptio
816 1539 1002 1612 adhiheatur,
1038 1539 1123 1600 etiam
1150 1541 1263 1604 amissis

106 1642 298 1724 autographis
325 1637 510 1719 longissimas
546 1649 656 1702 aetates
685 1640 788 1701 dorent
816 1641 879 1703 sinc
910 1640 1019 1702 maiore
1047 1642 1148 1704 noxa?
1189 1641 1262 1706 Eius

105 1762 176 1806 uero
198 1743 316 1822 generis
336 1743 519 1816 mendorum,
547 1743 625 1822 quod
647 1761 685 1804 ex
706 1743 811 1804 enchra
833 1753 862 1805 et
882 1743 1046 1822 indiligenti
1067 1743 1261 1826 descriptione

104 1846 243 1908 suhnasei
278 1844 369 1918 solet,
404 1845 560 1907 remedium
582 1851 728 1926 ¹puratum
760 1851 805 1906 est
834 1846 865 1906 in
895 1846 997 1908 critica
1028 1853 1108 1920 arte,
1145 1846 1260 1922 codices

105 1947 285 2009 diuersarum
314 1966 448 2008 manuum
472 1944 547 2009 inter
579 1965 610 2008 se
638 1953 831 2028 comparante.
889 1947 949 2008 Sed
979 1948 1074 2008 honae
1103 1947 1170 2010 huic
1197 1949 1259 2012 for·

103 2058 191 2111 tunae
220 2051 393 2131 scriptorum
428 2049 635 2132 plerorumque
672 2049 794 2112 omnium
825 2065 900 2109 anne
931 2047 1080 2110 confidere·
1102 2048 1200 2113 licebit
1229 2053 1259 2113 in

102 2153 286 2216 Homericis?

203 2268 316 2330 Licehit
336 2267 414 2328 haud
436 2267 537 2344 dubie,
561 2267 617 2329 nisi
640 2253 866 2348 haec'proprias
881 2265 1022 2348 quasdam
1034 2267 1256 2350 depravationes

100 2372 249 2452 multoque
276 2370 376 2451 plures
402 2377 434 2432 *et
462 2371 614 2449 grauiores
641 2368 852 2431 vicissitudines
877 2378 998 2449 experta
1025 2379 1099 2432 rum.
1149 2371 1256 2436 Verum
1376 2392 1379 2396 ·

101 2475 126 2534 si
146 2473 195 2535 uel
215 2491 251 2533 ex
274 2490 309 2532 ea
331 2490 378 2545 re,
402 2472 480 2552 quod
502 2472 662 2534 emendatio
684 2471 800 2533 illorum
821 2473 1010 2534 maturissime
1029 2472 1107 2555 apud
1126 2471 1254 2537 Graecos

100 2584 171 2637 nata
201 2583 246 2637 est
274 2561 304 2636 et'
331 2575 492 2650 celebrata,
529 2575 715 2654 intelligitur,
747 2575 828 2655 ipsos
855 2576 912 2636 iam
939 2575 1096 2655 antiquitus
1124 2577 1254 2638 carnisse

98 2680 173 2740 satis
194 2677 327 2756 genuinis
350 2677 585 2759 exemplaribus,
604 2677 698 2749 umde,
723 2677 773 2756 qni
791 2675 915 2748 uellent,
940 2693 1017 2745 nora
1039 2679 1252 2753 exscriberent3

97 2782 124 2842 si
144 2781 256 2862 primae
283 2779 377 2840 stetim
398 2780 596 2856 recensiones,
628 2779 699 2840 artis
721 2778 839 2839 criticae
860 2775 986 2838 nondum
1013 2779 1108 2840 cultae
1132 2779 1252 2840 medita-

96 2890 210 2968 menta,
239 2881 310 2942 mire
330 2881 406 2941 inter
429 2899 461 2941 sc
484 2879 684 2963 discreparunt
704 2879 834 2961 plurimis
856 2880 958 2953 rebus,
990 2880 1196 2961 palpatamque
1220 2882 1250 2943 in

96 2985 259 3047 eruditiore
282 2983 405 3044 Graecia
433 2983 687 3046 conformationem
715 2989 810 3046 textus
834 2981 944 3043 demum
969 2992 1037 3064 post
1065 2983 1250 3047 Aristotelem

20 3107 23 3114 ⁴
95 3088 212 3168 aliquot
245 3085 427 3147 Grammatici
457 3085 692 3161 introduxerunt3
736 3103 789 3146 nos
823 3092 918 3146 autem
955 3104 991 3147 ne
1016 3087 1096 3148 illius
1134 3085 1249 3167 quidem

94 3198 210 3261 textos,
236 3206 320 3268 quem
343 3189 391 3250 diu
408 3190 528 3250 maxime
550 3187 872 3266 antiquitas-probauit,
893 3189 1074 3250 Aristarchei
1088 3188 1247 3269 exemplum

94 3295 234 3354 hahemm
247 3293 413 3369 ·integmm,
437 3291 489 3352 sed
508 3277 647 3371 proximis
670 3306 689 3348 a
712 3286 779 3348 Ghr.
793 3298 862 3352 nato
885 3291 1027 3351 aetatibus
1048 3289 1143 3350 denno
1161 3307 1246 3350 reco-

93 3397 210 3475 gnitum
232 3401 259 3454 et
280 3393 318 3454 ad
338 3394 484 3455 rariorum
506 3391 677 3454 Critieorum
698 3387 805 3449 iudicia
827 3389 968 3465 relietum,
997 3398 1142 3472 postremo
1163 3391 1246 3452 nouis

93 3497 215 3560 maculis
238 3515 293 3578 per
313 3497 478 3575 ingruentia
503 3495 631 3557 barbara
654 3490 773 3552 saecula
798 3492 980 3574 adspersum:
1014 3511 1110 3555 nonne
1135 3511 1172 3556 ex
1198 3493 1243 3555 his
1261 3505 1295 3560 37

93 3603 185 3664 rebus
207 3598 412 3678 coHigendom,
427 3607 487 3672 est,
519 3594 598 3679 quod
628 3591 684 3655 iam
713 3591 781 3655 olim
810 3589 986 3662 confidenter
1013 3590 1128 3671 dixifi),
1157 3595 1246 3657 multo

92 3703 185 3766 aliam
209 3700 339 3763 Lucretii
373 3700 422 3762 uel
445 3701 560 3780 Virgilii
597 3708 684 3779 atque
709 3699 827 3762 Homeri
854 3718 919 3763 csse
944 3700 1159 3782 integritatem?
1202 3699 1246 3760 De
1361 3723 1366 3732 ·

92 3807 211 3867 diversa
233 3811 327 3864 autem
347 3804 508 3883 priscarum
527 3803 643 3864 illarum
664 3810 694 3863 et
712 3801 976 3866 Alexandrinarum
998 3804 1152 3866 editionum
1173 3818 1243 3862 con·
1302 3835 1305 3847 ι

91 3903 203 3969 dition‘e
230 3922 305 3966 niuno
337 3905 368 3965 id
396 3925 483 3967 uiuum
511 3913 633 3984 tangere
659 3905 780 3981 suflicit,
817 3905 895 3985 quod
924 3905 1002 3988 apud
1029 3905 1244 3994 Hippocratem,

89 4009 259 4082 Platonem,
288 4005 473 4071 Aristotelem
504 4019 532 4072 et
554 4009 628 4071 alios
651 4008 734 4070 istius
759 4010 862 4071 aetatis
885 4009 1042 4090 scriptores
1071 4022 1129 4065 non
1151 4002 1243 4064 solum
1347 4017 1352 4042 t

88 4195 409 4210 μ’*

143 4327 173 4386 ti)
190 4321 231 4376 ht
250 4321 360 4380 Hesiodi
378 4323 482 4394 Tlueug.
502 4341 526 4396 p.
545 4331 586 4383 57.
