2944 4900
473 279 848 362 Peoiauootttttn.
1205 285 1249 352 39

97 469 231 551 protulit,
258 475 286 530 et
312 469 481 532 ced-omnen
507 471 706 534 excellentiam
730 474 835 536 artium
854 473 1046 538 vetlruirubilee
1068 491 1247 556 progressus

96 575 170 635 lecit.
224 571 312 646 llam,
347 591 386 634 ne
411 573 447 636 de
467 574 533 635 aliis
552 575 683 656 plurimis
700 577 836 638 institutis
859 575 964 652 dicam,
992 595 1115 658 quornm
1136 578 1246 642 semina

96 676 204 738 inistis
234 676 361 738 tenebris
392 676 470 738 iacta
497 685 578 753 sunt,
605 679 635 740 in
659 679 711 741 illu
735 679 860 741 menime
889 679 1025 754 sesama,
1054 679 1246 743 aLaceclue-

95 781 185 842 monio
217 779 355 859 Lycurgo
389 781 554 860 proxima„
576 783 647 844 artis
681 782 853 864 scriptorioe
885 783 1006 863 primunr
1042 780 1244 845 notabiliorem

96 882 236 964 pullicum
267 901 350 944 ursum
385 890 414 944 et
438 883 516 946 ultra
547 885 750 967 incriptiones
777 897 968 967 progressum
998 883 1150 958 iustiliae,
1185 893 1242 947 tum

96 984 248 1046 coniectari
275 1001 334 1045 non
360 993 485 1060 terame,
523 995 582 1048 tum
614 1006 652 1050 ex
680 986 827 1052 nonnullis
864 990 995 1067 uestigiis
1025 983 1166 1049 historiae
1199 987 1241 1049 ita
1257 987 1292 1041 66

95 1087 213 1168 intelligi
237 1087 322 1164 licet,
343 1095 375 1150 nt
394 1089 556 1170 perspicuis
576 1090 747 1154 testimoniis
767 1093 861 1153 minus
881 1081 973 1172 aegre
996 1109 1155 1156 camenus.

620 1355 714 1438 Xlll.

186 1575 249 1638 seu
268 1537 341 1636 uses
366 1575 433 1655 ipsa
456 1575 581 1653 veruga
607 1575 745 1638 urstosse
773 1583 915 1652 arguunt,
946 1573 1021 1637 tuter
1051 1575 1104 1637 turs
1130 1575 1239 1658 patrna

95 1695 156 1738 usus
177 1677 263 1740 initio
284 1686 312 1740 et
332 1677 484 1756 uulgarem
508 1678 743 1741 consuetudinem
771 1677 917 1740 scribendi
941 1677 1139 1760 librorumque
1169 1693 1239 1742 con·

95 1779 274 1843 iciendoruur
297 1798 393 1844 curam
416 1780 504 1844 multo
525 1779 659 1860 longius,
691 1798 778 1860 quarn
806 1799 881 1844 nunc
909 1781 1061 1862 quisquam
1089 1780 1237 1855 existimet,

95 1883 269 1946 interuallum
295 1883 475 1964 interiectum
502 1884 601 1946 tuisse.
652 1883 705 1946 llic
737 1881 858 1964 primum
885 1883 1000 1944 mummi
1027 1885 1161 1954 nomenti
1184 1890 1237 1958 est,

95 1985 164 2064 quod
183 1985 296 2048 nullum
317 2005 444 2067 usquam
462 1986 622 2048 litterarum
649 2003 687 2046 ex
713 1985 769 2044 isto
792 2001 901 2061 genere
928 1993 1137 2048 monumentum
1159 2001 1238 2046 cout-

95 2098 261 2154 neuoratur
284 2088 432 2168 Lycurgei
462 2097 512 2150 aut
541 2089 671 2170 proxime
700 2087 877 2167 insequentis
906 2089 986 2161 aeui,
1013 2102 1073 2148 non
1103 2084 1236 2166 epistola,

95 2209 145 2252 non
168 2201 288 2274 poema,
324 2210 384 2274 non
419 2191 495 2254 liber
528 2190 622 2262 ullus,
653 2191 734 2252 euius
762 2190 921 2273 exemplum
951 2191 998 2254 uel
1026 2196 1104 2252 certe
1132 2187 1237 2252 ucetia

95 2295 207 2376 exempli
235 2294 275 2356 ad
296 2293 474 2376 posteriores
496 2301 606 2356 aetates
626 2294 800 2376 peruenerit.
851 2293 912 2356 Nisi
941 2293 1017 2357 forte
1037 2290 1171 2365 lebedos,
1200 2289 1237 2352 ule

34 2381 35 2442 ἶ
95 2399 187 2477 quillus
208 2397 235 2480 §.
254 2395 335 2460 Xlll.
354 2397 428 2470 ulixi,
450 2396 552 2458 arrdire
568 2395 713 2468 colurnus,
737 2414 847 2479 eosque
860 2400 1035 2481 scriptores,
1059 2394 1109 2475 quui
1121 2393 1235 2474 priscas

35 2507 36 2514 ’
96 2519 135 2562 res
153 2501 189 2564 ad
209 2520 282 2564 snas
306 2500 527 2562 consuetudines
555 2506 643 2578 atque
670 2485 817 2564 lioiiinem
847 2503 972 2583 lingunt,
1001 2515 1124 2580 quorum
1150 2495 1236 2557 etiam

95 2604 120 2664 in
138 2623 254 2668 numero
277 2612 359 2678 sunt,
385 2604 436 2684 qni
457 2620 511 2664 suo
531 2619 563 2664 sc
580 2601 680 2680 gladic
699 2603 833 2680 iugulent
849 2599 905 2678 ³9).
947 2608 987 2666 At
1005 2601 1075 2684 qnid
1094 2600 1236 2682 priuatam

94 2710 258 2790 scripturam
279 2706 443 2788 quaerimus
463 2705 499 2765 iis
519 2705 710 2785 temporibus,
734 2709 839 2785 quuibus
860 2707 891 2768 in
911 2724 1018 2768 stimmo
1041 2702 1137 2764 studio
1156 2701 1236 2762 eruli·
1253 2705 1288 2760 st

96 2812 245 2874 caularum
267 2809 411 2872 ciuitatum
433 2826 469 2868 ne
491 2807 574 2885 leges
603 2806 717 2886 quidem
740 2807 867 2876 uidemus
890 2807 993 2870 litteris
1013 2800 1236 2887 promulgatas?

96 2912 132 2976 lic
155 2917 285 2978 omnibus
313 2913 478 2974 naiouilms
509 2910 650 2974 Graeciae
673 2910 796 2990 loquor,
828 2913 887 2972 uo'u
920 2909 1034 2990 excipio
1062 2907 1164 2977 lonesr
1198 2903 1235 2966 tle

97 3016 188 3094 milas
219 3016 290 3078 milri
316 3032 372 3097 pro
403 3014 576 3076 auctoritate
605 3012 767 3074 habendum
803 3011 916 3074 ridetur
952 3012 1096 3076 silentium
1125 3025 1234 3078 eorum,

98 3120 139 3198 oui
161 3128 274 3182 ueteres
299 3117 397 3196 legum
423 3107 533 3176 latores
562 3129 650 3194 saepe
678 3123 814 3176 accurate
838 3121 1021 3188 enumerant,
1050 3112 1181 3176 omuibus
1204 3109 1235 3170 iu

99 3219 213 3283 ordinem
232 3220 375 3302 receptis,
403 3219 506 3299 quihus
529 3218 631 3298 quouis
653 3218 738 3279 ruodo
762 3218 847 3278 huius
869 3207 990 3276 nominis
1009 3215 1110 3290 horror¹
1126 3212 1235 3272 tribue-

98 3331 173 3386 retur.
215 3324 325 3405 Nempe
344 3321 390 3404 illi
411 3329 453 3382 tot
474 3321 630 3402 scriptores
654 3320 805 3400 utriusque
824 3319 944 3397 liuguae
972 3316 998 3378 si
1017 3315 1048 3376 in
1070 3310 1235 3394 Aristotelis

131 3621 174 3689 30)
190 3619 231 3674 ltu
252 3616 370 3689 Gorgias
396 3623 571 3687 personatus,
597 3620 643 3688 qui
665 3615 800 3670 Palamedi
826 3617 935 3668 inuenta
953 3610 1051 3664 tribuit
1068 3607 1235 3682 γράμματα,

189 3701 304 3776 μνήμης
327 3701 471 3774 ὄργανον,
496 3703 613 3756 einstlern
632 3708 721 3756 aetate
739 3704 817 3771 quasi
836 3695 1021 3768 pervulgatum
1041 3711 1115 3750 usura
1134 3697 1235 3763 episto-

190 3789 277 3842 larnuu
297 3793 427 3843 memorat
448 3804 473 3856 p.
494 3791 572 3852 104,
599 3788 684 3841 lalana
704 3789 783 3840 etiarn
804 3787 831 3839 ln
851 3784 924 3848 lucc„
944 3783 1014 3852 quorl
1033 3781 1131 3836 ibidem
1151 3777 1236 3832 Graa-

190 3887 248 3927 eun
266 3887 324 3928 cura
343 3872 466 3926 Troiano
490 3875 548 3926 sine
567 3875 713 3943 interprete
738 3869 856 3940 colloqui
882 3870 1003 3938 potuisse
1029 3870 1119 3933 negat.
1165 3861 1236 3914 lstae

192 3960 217 4011 si
232 3959 467 4013 oninutisluciaut
485 3959 619 4028 ineptiae,
649 3959 675 4009 ei
692 3954 816 4008 Ovidium
839 3959 975 4008 castorem
1001 3948 1066 4018 Epp.
1093 3945 1238 4002 lleroldnuu

192 4047 219 4094 et
243 4043 341 4097 maltos
364 4043 435 4100 elios
462 4042 678 4099 commonstrato
697 4043 813 4094 maiores
838 4043 984 4108 patronos,
1014 4037 1238 4102 quoramtarneu

192 4127 279 4182 utullus
297 4135 350 4182 teau
370 4129 520 4184 honoratos
538 4135 594 4193 est,
627 4143 704 4199 quarn
724 4127 861 4181 Matienus
879 4129 921 4176 ter
942 4119 1056 4179 Consul,
1075 4122 1120 4192 qut
1139 4116 1238 4187 Sarpe-

194 4211 271 4267 donis
289 4215 432 4283 eplrtolsus
449 4214 581 4286 quautam
606 4227 622 4266 e
641 4211 727 4266 Troia
744 4213 871 4279 seriptum
890 4209 916 4260 in
940 4203 1022 4276 Lpole
1046 4203 1104 4272 ipss
1126 4204 1239 4274 legerat,

195 4299 306 4355 mirante
326 4297 414 4354 l‘liuio
432 4297 514 4366 lilii,
534 4303 575 4355 13.
