2976 4900
236 513 324 576 alitus,
338 505 399 587 ²⁴),
423 507 685 570 non-uerebantur.
700 505 855 584 Homerum
872 503 1026 585 impietatis
1049 518 1189 568 ooorrsare
1205 511 1397 585 propter-tot

236 605 1398 693 bmmmmmmmmwmmhmfflmm

236 714 415 798 posteriores
436 727 571 790 magnum
594 709 729 790 quiddam
750 709 883 774 ridentur
902 709 971 772 mihi
994 708 1100 800 fecisse
1120 716 1154 768 ‘et
1166 709 1397 774 liberalissimae

171 825 222 880 163
239 817 333 898 gentis
356 813 456 892 indole
479 816 612 894 dignum,
641 811 726 894 quod*
739 807 899 874 ,senotitate
927 801 1011 872 uatis
1030 811 1067 871 ab
1100 813 1230 873 omnibus
1260 819 1289 872 et
1316 827 1398 890 quo-

120 957 130 968 *
241 917 391 984 dammodo
414 935 432 976 a
456 935 488 978 se
514 914 586 998 ipsis
609 915 732 994 eredita⁸
748 931 806 976 nou
833 921 898 976 sont
915 912 1073 986 deterriti,
1099 924 1138 974 'ue
1164 914 1270 996 polam
1289 931 1399 994 repre-

240 1021 413 1092 henderent,
444 1036 521 1097 qnae
545 1020 576 1082 in
598 1037 633 1085 eo
656 1018 816 1080 abhorrere
835 1023 973 1096 putarent
998 1035 1017 1078 a
1038 1034 1110 1078 rora
1129 1017 1273 1098 sapientia
1301 1023 1331 1084 et
1352 1015 1398 1076 ab

242 1121 512 1206 optimismorihos.
558 1119 619 1180 Sed
640 1137 694 1182 neo
714 1119 861 1198 prioribus
887 1119 962 1193 illis,
988 1119 1057 1194 =siue
1079 1119 1242 1198 allegorica
1271 1127 1299 1180 et
1318 1136 1399 1178 ana-

241 1225 352 1306 pagias
376 1222 488 1286 somnia
509 1240 563 1310 sua
587 1222 645 1302 ipsi
666 1221 870 1308 erediderunt,
895 1222 956 1286 sire
986 1224 1023 1300 ab
1042 1212 1285 1284 aliisduutoxat
1311 1219 1400 1280 aredi

241 1327 412 1399 uoluerunt,
437 1325 545 1386 idonee
567 1325 647 1387 deest
669 1325 829 1400 exeusatio.
876 1325 921 1388 lta
947 1325 1021 1387 enim
1048 1325 1132 1386 notio
1149 1315 1316 1404 comparata
1338 1317 1399 1396 est,

242 1439 275 1492 ut
293 1429 393 1503 libris,
421 1445 494 1507 qnos
523 1427 669 1490 antenoris
698 1428 792 1488 statim
820 1428 904 1514 annis
930 1428 1149 1506 cognoscimus,
1174 1443 1270 1492 omnes
1298 1440 1400 1505 prope

218 1565 220 1572 ,
242 1538 357 1596 nostras
379 1536 557 1608 nostraeque
575 1530 679 1590 aetabs
702 1531 855 1611 opiniones
880 1531 1082 1604 'subiiciamus3
1119 1547 1157 1592 ao
1183 1529 1210 1590 si
1229 1527 1283 1588 illi
1297 1545 1401 1608 popu-

243 1631 301 1694 lari
320 1649 376 1693 usu
399 1630 456 1692 iam
482 1630 594 1710 pridem
623 1635 786 1704 oonseorati
814 1642 896 1706 sant,
923 1634 988 1714 ipsa
1016 1635 1112 1695 obstat
1139 1630 1302 1704 renouatio,
1332 1645 1399 1709 quo

243 1735 335 1810 minus
355 1733 454 1797 iniis
474 1733 603 1794 absurde
633 1741 661 1794 et
681 1723 810 1798 ridicula
826 1735 922 1798 inesse
945 1734 1104 1798 credamus.
1154 1733 1291 1796 Lenimus
1318 1747 1399 1808 ergo

135 1869 140 1878 =
244 1845 333 1916 atque
360 1835 435 1897 adeo
464 1852 599 1898 ornamus
626 1835 859 1916 interpretando,
896 1837 1036 1918 quidquid
1062 1835 1182 1917 proprio
1212 1851 1303 1894 sensu
1332 1849 1399 1895 uon

243 1938 392 2001 ferendum
408 1935 537 2022 videtum
570 1937 661 2018 idque
673 1956 739 2020 -quo
762 1937 925 2022 dontiuset
949 1939 1082 2024 subtilius
1104 1938 1240 2014 issimus,
1264 1953 1300 1997 eo
1323 1921 1400 1994 reli-

244 2043 356 2122 giosius
380 2040 480 2126 iaoere
512 2039 651 2102 ridemur.
702 2043 798 2124 Atque
832 2043 874 2104 ita
902 2042 1009 2104 sacram
1036 2049 1080 2102 ost
1104 2041 1181 2107 omni
1208 2048 1346 2127 temporez
1363 2037 1398 2097 in

243 2145 326 2206 libris
345 2143 399 2217 iis,
427 2143 559 2224 qui-pro
579 2141 672 2206 saonis
698 2145 789 2207 habiti
813 2152 888 2206 sunt.
934 2143 1020 2220 Quod
1042 2144 1068 2204 si
1088 2141 1119 2204 nt
1141 2161 1176 2206 eo
1201 2140 1336 2213 oonsilio,
1363 2149 1398 2200 nt

244 2245 405 2324 cognitioni
424 2262 524 2306 eornm
546 2265 600 2307 sna
623 2246 730 2308 utilitas
754 2256 864 2308 oonstet
889 2248 919 2308 in
942 2247 1066 2325 uulgus,
1098 2245 1169 2309 nibil
1193 2246 1224 2305 iu
1251 2261 1286 2304 eo
1307 2241 1397 2304 uideo

243 2343 519 2428 reprehendendum.
564 2345 636 2422 Nam
659 2349 697 2409 ad
722 2364 821 2408 ueram
848 2349 867 2410 i.
897 2365 922 2408 e.
946 2350 1110 2411 historicam
1129 2344 1397 2426 interpretationem

189 2437 196 2444 ⁸
237 2448 345 2530 *paneis
362 2447 400 2508 in·
415 2446 488 2508 loeis
509 2450 643 2510 reroosri
663 2458 760 2530 potest
777 2452 870 2513 maior
891 2451 1249 2523 numerusilliteratorum.
1292 2444 1395 2524 Neque
1420 2499 1424 2506 .

243 2551 324 2612 iham
342 2550 414 2614 satis
442 2549 744 2614 norant‘Graeoornm
768 2550 939 2617 doctissimi:
977 2552 1109 2634 alioquin
1135 2541 1296 2612 Homerum
1310 2536 1395 2609 ‘sunm

244 2660 273 2714 et
294 2651 393 2712 lenius
410 2649 640 2732 simperassenr,
669 2671 722 2715 neo
744 2662 823 2716 tanto
847 2672 990 2716 consensu
1016 2655 1043 2716 ei
1064 2653 1186 2716 omnium
1207 2651 1395 2712 maximarum

243 2771 340 2818 rerum
359 2752 507 2837 seientiam
529 2752 705 2816 tribuissent.
781 2765 784 2772 '

340 2855 409 2916 'Hos
432 2856 481 2934 qui
500 2854 623 2916 fecerint
645 2867 680 2917 et
695 2855 860 2936 quomodo,
891 2875 945 2938 per·
974 2857 1072 2918 omnio
1099 2854 1219 2918 saeoula
1247 2856 1394 2940 persequi,
1477 2875 1478 2962 p

245 2955 399 3034 fontesque
430 2963 458 3014 et
483 2956 593 3016 uvales
606 2956 798 3035 allegoricae
822 2958 1068 3038 interpretationis
1097 2957 1255 3036 indagare,
1284 2956 1395 3035 longos
1477 2969 1478 3044 l

247 3056 388 3117 historiae
409 3057 531 3118 materia
556 3065 609 3117 est.
655 3058 792 3120 Soorates
813 3059 943 3138 quidem,
963 3063 1079 3143 sapiens
1101 3061 1131 3121 in
1152 3059 1393 3140 primissobrios,

178 3161 230 3220 164
246 3155 325 3219 illam
346 3174 405 3218 non
428 3156 631 3224 nisiludendo
655 3161 766 3240 attigit3
796 3163 1024 3248 ²quem'deiode
1042 3158 1251 3244 quodammodo
1277 3171 1394 3222 seoutus

244 3269 289 3324 est
307 3259 412 3334 Plato,
434 3259 483 3320 ubi
505 3259 688 3342 populariter
706 3264 929 3346 philosophatur
944 3259 997 3342 ²⁵).
1039 3268 1078 3328 At
1100 3265 1176 3326 idem
1195 3266 1225 3326 in
1242 3284 1277 3326 eo
1294 3283 1393 3346 opere,

243 3365 273 3426 in
297 3381 356 3443 quo
386 3379 496 3456 moram
527 3363 697 3445 optimorum
725 3376 753 3428 et
781 3367 903 3430 ciuitatis
933 3369 1061 3431 omnihus
1087 3368 1218 3450 partibus
1245 3368 1394 3450 perieotae

244 3465 392 3546 exemplar
422 3464 608 3555 deformarit,
646 3467 726 3529 elane
766 3469 925 3548 signifieat,
960 3470 1015 3530 sibi
1046 3469 1170 3533 eonon
1202 3471 1295 3534 sideri
1325 3489 1393 3533 rere

243 3567 339 3626 inesse
353 3566 389 3624 in
409 3563 550 3638 Homero,
573 3567 830 3650 qtraeallegorioa
844 3575 900 3634 ista
919 3571 995 3634 ratio
1014 3575 1195 3636 ostentaret.¹
1225 3573 1285 3636 Iam
1306 3593 1394 3656 quum

242 3664 432 3746 philosophos
460 3665 526 3739 ille,
557 3667 687 3748 primus,'
705 3679 740 3733 ul
771 3675 854 3749 nobis
875 3676 1003 3748 ridetur,
1033 3691 1071 3736 ox
1092 3674 1204 3756 aliquot
1225 3675 1393 3754 generibus,

242 3767 364 3830 maxime
383 3766 514 3858 scenico,
539 3771 671 3852 politicae
699 3775 756 3837 arti
785 3785 917 3840 naturam
948 3775 1102 3856 affingeret
1129 3769 1279 3862 μίμησιν,
1312 3777 1393 3842 heres

232 324 276 392 oo
621 292 992 398 rnonssoiusun.

1477 2267 1478 2350 l

272 4053 322 4120 24)
340 4053 420 4124 brug.
439 4053 533 4110 Lasos.
555 4054 634 4122 vill,
650 4064 692 4112 21.
711 4057 765 4126 lx,
787 4067 809 4115 1.
831 4063 870 4116 ro.
892 4058 985 4131 ibique
1004 4041 1101 4134 lnq'p.¹
1164 4051 1172 4064 ‘

274 4137 324 4206 25)
344 4136 383 4192 De
404 4137 518 4202 Socrate
536 4142 652 4210 insignis
671 4143 747 4198 lotus
768 4149 808 4200 est
826 4145 853 4195 in
871 4139 997 4213 Xenoph.
1015 4143 1165 4201 Memorah.
1185 4145 1213 4212 1,
1236 4151 1270 4210 3,
1288 4152 1315 4202 7.
1351 4143 1394 4198 Ex

341 4217 454 4278 Platone
475 4223 566 4292 plures
585 4225 682 4282 laudat
698 4225 836 4302 Subernius
857 4227 891 4280 ad
905 4225 1039 4283 Horaolid.
1055 4230 1143 4300 Alleg.
1164 4247 1190 4300 p.
1210 4235 1272 4290 223.
1292 4227 1393 4300 quibus

340 4311 449 4372 praeter
466 4307 536 4362 alios
557 4310 654 4363 multos
673 4309 810 4366 addendus
830 4317 871 4381 est
888 4311 973 4368 hleib.
991 4311 1024 4369 ΙΙ.
1041 4329 1066 4382 p.
1089 4316 1147 4386 147.
