2976 4900
483 355 865 422 ruenuuounuu.
1195 311 1258 426 trs

206 547 318 609 Etenim
340 547 375 610 de
398 547 541 608 sexcentis
566 563 681 620 eornm,
702 548 756 628 qrri
775 565 829 628 per
851 547 924 609 haec
941 547 1060 610 saecula
1074 547 1258 624 illustrando,

99 649 280 728 corrigendo
305 647 551 731 depravandeque
578 648 703 710 Homero
724 641 931 726 incubuerunt,
961 654 1011 715 uix
1032 651 1152 730 triginta
1173 653 1257 714 nebis

100 755 173 816 sutis
204 753 273 814 noti·
297 761 370 814 suunt.
422 751 527 814 Omitto
556 769 690 831 magnam
721 755 833 815 turbam
865 774 981 835 eorunm,
1010 754 1061 836 qui
1089 735 1258 817 alterutram

100 875 162 920 reru
183 855 279 918 obiter
303 862 331 914 at
353 854 432 915 alind
455 853 584 930 agendo.
598 855 731 917 iecerunt
758 857 788 917 ln
812 856 1012 920 diuersissimis
1036 859 1167 939 seriptis,
1193 859 1257 940 phi-

100 958 261 1039 losophes',
295 956 531 1043 mathematicos,
563 965 761 1034 astronomos,
799 957 943 1035 medices,
978 961 1147 1036 historicos,
1182 979 1257 1041 gee-

102 1063 249 1144 graphas,
283 1059 526 1140 mythegraphes,
561 1060 703 1123 rhetores.
761 1061 919 1123 Innumeris
954 1061 1056 1124 herum
1088 1063 1136 1126 uel
1163 1065 1256 1146 ipsam

102 1167 226 1231 neminis
248 1164 412 1225 memoriam
441 1161 560 1223 abstulit
582 1172 720 1226 uetustas.
771 1163 887 1226 NnHam
915 1165 990 1226 enim
1018 1173 1140 1227 aetatem
1168 1143 1256 1228 habet

102 1268 226 1331 bisteria
253 1270 381 1327 ueterum
409 1262 582 1338 litterarum,
614 1265 645 1326 in
678 1285 737 1346 qua
764 1266 901 1328 maiorem
925 1266 1066 1329 iacturam
1091 1267 1254 1331 fecerimus.

103 1371 342 1452 Quotusquisque
355 1376 400 1430 est
420 1368 451 1428 in
473 1367 517 1428 bis
540 1355 608 1428 250
620 1369 829 1451 scriptoribus,
850 1369 899 1448 'qni
914 1367 1077 1430 exciuntur
1089 1371 1120 1431 in
1136 1364 1254 1432 Venetis
1273 1374 1323 1428 191

104 1474 247 1548 scholiis,
278 1489 362 1553 quera
383 1489 437 1532 nes
462 1471 627 1531 accuratius
650 1471 778 1533 nerirnus
795 1466 855 1550 ⁰¹)!
898 1471 953 1535 Hie
981 1472 1133 1535 laboriosa
1152 1471 1254 1534 messis

104 1580 240 1643 obiicitur
265 1575 489 1645 litteratoribus,
522 1587 597 1652 quae
625 1569 756 1633 laborem
784 1551 879 1635 tamen
901 1575 1068 1656 saepissime
1089 1574 1255 1635 frustratur.

102 1683 176 1746 Hane
203 1689 235 1742 ut
261 1679 356 1742 omnia
383 1675 577 1741 minutissimis
606 1675 738 1754 uestigiis
767 1674 918 1755 indagaris
947 1683 976 1737 et
1002 1676 1165 1742 excusseris
1192 1693 1256 1736 cunr

105 1781 285 1868 puluisculo,
304 1782 354 1842 uix
374 1780 528 1841 obscuram
550 1776 694 1857 quandam
716 1777 978 1852 adumbrationem,
1008 1795 1066 1838 uon
1088 1793 1256 1858 expressam

104 1888 258 1966 imaginem
279 1899 444 1966 proponere
465 1879 564 1942 licebit
586 1879 647 1940 aias
671 1879 835 1955 leoninae,
858 1899 933 1961 quae
954 1879 1144 1942 bibliothecas
1168 1877 1256 1942 Criti-

105 2009 205 2055 eerum
224 1987 442 2050 homericarum
464 1981 634 2064 impleuerat
653 1981 829 2062 temporibus
846 1983 977 2063 Apionis.
1020 1981 1080 2044 Sed
1093 1982 1175 2044 nobis
1198 1999 1258 2043 nen

106 2106 149 2160 est
175 2095 302 2180 animus,
338 2087 453 2150 illarum
481 2102 590 2147 uacuos
621 2083 733 2146 ferrales
765 2083 919 2146 estendere
947 2082 1069 2162 siugulis
1101 2081 1257 2162 deperditis

106 2200 244 2283 operibus
281 2187 509 2266 dinumerandis,
548 2194 599 2248 ent
633 2185 789 2266 impensius
819 2186 961 2266 conqueri
992 2187 1122 2266 iniquam
1142 2191 1257 2258 sertem,

105 2323 160 2366 seu
182 2311 358 2382 quecunque
379 2291 451 2354 illud
474 2290 588 2386 nemine
611 2288 762 2371 uppeHare
781 2287 892 2369 placet,
914 2288 992 2373 qued
1006 2295 1114 2349 tantane
1131 2293 1260 2364 stragem

107 2416 136 2469 et
157 2404 272 2466 ruinam
292 2398 363 2458 fecit
381 2397 411 2457 iu
436 2395 541 2468 rebus,
572 2411 648 2473 quae
677 2392 850 2473 sempiterne
879 2393 945 2453 usui
974 2389 1152 2453 erarditerunr'
1173 2386 1261 2448 desti·

106 2515 194 2571 natae
216 2502 393 2566 uiderentur.
439 2496 505 2558 Huc
532 2511 621 2577 saepe
637 2494 791 2556 litteratos
821 2512 874 2556 nos
904 2493 986 2554 decet
1014 2479 1109 2554 animo
1131 2488 1259 2568 regredi,
1369 2555 1371 2561 ,

105 2621 139 2675 ut
161 2610 258 2676 famae
284 2611 402 2666 nestrae
423 2597 614 2661 conditionem
641 2596 800 2670 diseamus,
829 2601 857 2655 et
890 2611 926 2654 ex
956 2602 998 2654 tet
1022 2591 1166 2655 clarorum
1187 2587 1259 2674 ser17
1278 2589 1328 2643 192

104 2727 224 2800 pteronr
260 2706 420 2770 miserrima
451 2702 570 2763 tertona
598 2697 732 2760 solatium
769 2714 941 2776 quaeramus
977 2696 1084 2759 nestris
1106 2689 1175 2756 'siue
1204 2692 1260 2753 cite

106 2815 284 2886 interituris,
318 2829 370 2872 sen
403 2805 561 2887 aliquande
597 2801 674 2870 acris
710 2800 838 2868 censeris
872 2800 1004 2868 carbeue.
1028 2796 1144 2860 aetatis.
1197 2792 1262 2856 lllle

107 2928 223 3004 quante
257 2931 316 2977 uuo
347 2915 394 2978 in·
414 2911 480 2973 lece
511 2905 657 2969 cadauera
686 2911 714 2964 et
747 2903 833 2964 busta
863 2901 1038 2964 uoluminum
1068 2907 1136 2961 ente
1162 2894 1262 2958 ocules

106 3029 208 3088 iaceat
220 3023 227 3083 l

146 3427 201 3496 or)
219 3424 253 3480 Ut
271 3423 421 3496 Antigonus
446 3417 531 3494 adop.
551 3417 610 3496 ³¹⁹:
631 3409 785 3466 rhutedorus
805 3422 853 3460 seu
875 3405 1029 3459 Autederos
1049 3416 1082 3474 ψ.
1101 3405 1161 3458 638.
1182 3397 1267 3468 (idem

224 3511 242 3564 1.
265 3523 342 3580 quem
369 3504 418 3558 sub
444 3519 470 3556 u.
492 3504 533 3556 36.
561 3497 755 3562 memorabam)
781 3491 912 3548 Aretades
942 3509 972 3544 ω.
1004 3497 1062 3547 110.
1100 3488 1223 3560 Aristeas
1242 3502 1267 3538 u.

225 3603 283 3653 137:
321 3587 447 3660 Clitepbe
468 3607 491 3640 o.
511 3589 571 3642 tet.
608 3585 707 3649 Heme,
729 3581 824 3652 mulier
841 3577 992 3646 allegoriae
1006 3575 1146 3639 studiosa,
1162 3579 1189 3641 β.
1208 3571 1268 3626 205.

226 3701 249 3736 ε.
266 3686 327 3738 722.
350 3676 390 3730 (ll.
409 3672 482 3726 Eust.
508 3687 533 3740 p.
563 3677 638 3729 1154.
682 3668 736 3724 Ere
757 3667 893 3722 Deliusat
913 3661 1010 3716 Hormo
1031 3662 1133 3716 atil.
1174 3656 1269 3727 Hagno

226 3767 252 3819 d.
274 3773 332 3820 101.
368 3747 930 3830 1111111111.101111111111191,
974 3744 1126 3817 Polycletus
1153 3762 1184 3811 φ.
1212 3742 1270 3794 126.

227 3853 329 3924 11168.
368 3845 464 3899 Sextus
485 3845 509 3896 l.
532 3846 589 3900 155.
626 3835 770 3906 Staphylus
790 3853 820 3886 rr.
840 3834 898 3890 175.
925 3831 1002 3885 Xeno
1020 3851 1051 3902 μ.
1064 3831 1125 3884 435.
1144 3826 1206 3884 elii,
1226 3823 1273 3892 qui

227 3934 307 3990 uehis
327 3929 424 3988 deinde
443 3932 587 3983 occurrent
610 3939 665 3978 nen
685 3922 809 3992 quaesiti.
851 3915 881 3971 ln
907 3917 955 3970 ille
980 3925 1090 3970 numere
1116 3909 1195 3977 plura
1212 3911 1274 3959 sant

229 4020 340 4072 nemina
360 4015 569 4078 obscurissima,
589 4009 685 4080 partim
703 4004 783 4076 plane
801 4006 911 4074 ignota,
930 4001 1026 4071 partim
1048 3999 1175 4062 corrupta
1194 3993 1274 4043 ctiam

230 4117 247 4156 a
267 4103 399 4156 librariis.
437 4099 489 4154 Sed
508 4100 599 4152 insunt
616 4099 721 4155 tamen,
744 4089 789 4161 qui
808 4073 960 4156 perantiqui
977 4081 1133 4141 rideantur,
1161 4091 1229 4130 uuus
1249 4079 1276 4128 et

231 4187 301 4242 altor
319 4183 527 4248 Aristarebaus,
549 4189 575 4235 et
594 4177 718 4232 assiduus
740 4173 834 4226 lorsam
853 4173 986 4238 interpres
1007 4163 1124 4220 Homeri.
1163 4161 1275 4216 Omnino

231 4275 259 4328 iu
277 4275 356 4326 neris
376 4269 494 4324 Sabellis
514 4270 593 4338 pauci
612 4263 804 4334 reperiantur,
821 4254 916 4328 quibus
931 4257 1050 4332 Nuetatem
1063 4248 1168 4319 Hpieue
1186 4249 1277 4317 poste-

233 4361 334 4415 riorem
355 4359 477 4425 assignet
495 4357 570 4410 certa
590 4351 662 4405 ratio
681 4353 838 4416 temperem.

1022 4421 1073 4486 8*
