2976 4900
518 310 887 382 probationibus.
1213 316 1275 382 159

125 525 228 572 seueris
253 506 440 571 deterruisset
449 504 477 588 ,,)
510 499 623 566 minime
649 514 745 571 tamen
775 503 936 587 probabilis
966 511 1011 566 cst
1041 503 1093 566 illa
1114 505 1275 568 Aristarchi

125 610 219 685 ratio,
245 627 322 689 pua,
353 611 378 670 si
408 609 478 671 fides
501 617 545 670 est
568 609 735 682 Athenaeo,
761 625 848 670 uersu
875 607 906 666 in
925 605 1018 668 iliade
1040 607 1136 670 deleto
1159 618 1274 672 senten-

123 714 193 774 tiam
213 711 368 793 pervertit,
395 712 574 792 eundemque
595 728 708 774 rursum
736 727 799 774 cum
826 716 954 789 quatuor
981 709 1046 772 aliis
1078 711 1176 775 alieno
1205 713 1272 777 loeo

124 815 273 878 transtulit
294 815 324 874 in
349 812 507 893 Odyssean
523 807 577 888 49).
620 811 749 876 Tametsi
776 812 812 890 dc
839 811 1044 893 probabilitate
1071 813 1155 874 huius
1184 815 1271 877 totius
1290 813 1342 869 264

124 919 245 981 criticae
274 917 396 980 rationis
428 933 488 1008 non
516 915 701 996 quaemmusr
742 931 796 977 uec
830 915 951 976 materia
981 915 1076 978 exstat
1105 919 1273 997 quarendi.

128 1079 438 1101 —u--ss—-ffi—

159 1192 210 1258 49)
230 1188 325 1243 Athen.
345 1188 389 1243 tv.
413 1203 474 1259 pag.
494 1193 552 1246 180.
578 1203 635 1257 seq.
657 1204 710 1258 quo
731 1189 792 1240 loco
811 1187 900 1240 nullus
927 1192 969 1240 est
987 1188 1120 1253 omnium,
1144 1193 1189 1260 qui
1214 1198 1276 1246 sunt

231 1275 263 1330 de
282 1273 456 1338 Aristarcho,
476 1273 684 1327 memorabilior.
717 1270 888 1341 Quapropter
902 1285 985 1339 saepe
1000 1285 1056 1324 sum
1070 1274 1196 1340 miratus,
1217 1293 1273 1342 cur,

230 1371 310 1430 quatu*
335 1363 359 1418 is
386 1359 460 1412 lorus
486 1345 748 1412 doctis'editorihus
773 1358 841 1408 satis
866 1362 945 1408 notus
973 1354 1071 1418 luerit,
1101 1364 1181 1428 atque
1206 1357 1275 1416 hano

229 1443 370 1513 explicitus
390 1458 406 1496 a
426 1443 607 1506 (lassabatur,
632 1435 738 1508 (Clark.
758 1442 837 1493 etiam
865 1439 948 1493 rerba
967 1443 1125 1508 apposuit‚)
1151 1453 1275 1501 tamena

231 1529 305 1582 nullo
340 1529 445 1581 illorum
475 1527 611 1581 adhibitus
643 1528 679 1578 sit
707 1524 741 1577 ad
777 1525 913 1594 vulgarem
943 1527 1041 1577 tentum
1075 1529 1274 1586 emendandum.

231 1612 333 1666 Nutnne
350 1612 489 1666 Athenaeo
509 1615 594 1665 minus
613 1621 692 1680 quarn
713 1607 856 1663 Plutarcho
874 1609 949 1662 tidem
965 1601 1112 1666 hahendam
1126 1615 1276 1683 putabant?

229 1695 264 1750 At
285 1703 396 1768 uterque
415 1711 465 1752 sna
484 1697 575 1752 retulit
600 1711 631 1748 ex
650 1693 854 1748 Commentariis
880 1700 1013 1757 ueterum,
1038 1693 1197 1756 Plutarchus
1217 1702 1275 1754 lor.

231 1785 302 1836 sitan
328 1782 552 1845 casianorum,
584 1778 630 1832 ille
655 1795 687 1833 ex
716 1777 973 1834 Grammaticorum..
1005 1777 1071 1834 Nam
1097 1782 1207 1837 Scholia
1233 1785 1277 1840 hio

230 1884 336 1938 quoque
354 1873 462 1930 tacere,
482 1881 535 1917 non
554 1866 647 1918 mirum
669 1869 726 1926 est,
748 1865 873 1936 quoniam
893 1879 925 1918 ea
944 1867 970 1917 in
984 1870 1043 1918 tota
1058 1863 1100 1921 Σ(
1114 1874 1140 1922 et
1154 1873 1275 1938 proximo

201 2007 205 2012 ,
230 1969 287 2023 seq.
309 1951 399 2020 rhaps.
421 1948 562 2002 admodum
584 1963 678 2002 manta
696 1955 758 2004 suut
776 1953 803 2002 et
820 1951 970 2018 interrupta
989 1953 1055 2004 nitio
1075 1954 1184 2009 codlois.
1220 1953 1275 2010 lam

230 2045 258 2091 ut
275 2039 369 2110 paucis
391 2047 629 2104 compararantur,
656 2031 829 2114 Aristarchus
855 2037 883 2087 in
904 2036 986 2088 Sento
1006 2039 1064 2092 ool.
1085 2045 1147 2107 post
1167 2041 1275 2096 verbum

230 2119 406 2195 τερπόμενοι
427 2133 475 2173 ceu
492 2115 675 2189 τερπόμενος
692 2117 790 2170 dolavit
808 2121 967 2172 mentionem
986 2125 1119 2186 curatoria)
1139 2123 1226 2178 Μετὰ
1243 2129 1277 2180 ds
1347 2139 1351 2148 ’

230 2225 301 2280 σφιν
321 2208 462 2280 ἐμέλπετο
480 2209 562 2264 θεῖος
581 2199 682 2268 ἀοιδὸς
702 2206 874 2275 supprior,
899 2205 946 2258 sed
971 2207 1079 2276 reliquit
1095 2223 1189 2282 rursus
1207 2210 1276 2266 lrurre
1366 2209 1371 2216 '

231 2294 384 2350 versura-ia
407 2288 545 2358 Odyssea,
572 2305 649 2358 quam
668 2289 731 2342 illos
750 2295 821 2354 tres,
844 2286 1070 2361 τερπόμενοι-
1087 2295 1228 2364 μέσσους,
1248 2299 1276 2350 iu

191 2405 192 2410 κ
232 2381 321 2449 quarti
346 2377 409 2430 libri
440 2375 600 2445 principium
623 2375 804 2440 transferret,
830 2371 928 2427 additis
960 2375 1043 2439 adeo,
1074 2381 1166 2448 nescio
1196 2381 1276 2444 unde,

234 2461 354 2526 duobus,
385 2461 431 2531 qul
458 2472 527 2512 nunc
551 2466 724 2514 numerantur
749 2461 864 2531 proximi
893 2464 933 2517 to.
961 2463 1002 2516 16.
1045 2459 1200 2533 Quanquam
1226 2463 1277 2519 hae

232 2551 262 2602 ln
286 2553 315 2601 re
340 2545 434 2598 torsan
462 2547 565 2598 errarit
590 2537 761 2612 hmeuueusj
793 2549 851 2600 sire
875 2547 915 2607 in,
948 2559 1025 2613 poem
1049 2543 1096 2599 lile
1123 2549 1274 2618 exscripsit.

231 2634 299 2688 Tum
319 2631 434 2684 criticus
453 2630 490 2682 ibi
513 2631 683 2684 insimulatur
707 2631 899 2700 pro¹genitiro
924 2627 1111 2703 ἐξάρχοντος)
1137 2636 1182 2703 qui
1211 2635 1275 2691 oliuu

231 2722 386 2772 constanter
405 2717 489 2771 lectus
508 2713 542 2768 ad
562 2720 698 2770 cantorem
716 2717 849 2784 pertinet,
871 2713 967 2768 lenisse
984 2719 1174 2772 nominativum
1193 2716 1275 2794 ἐξάρ-

227 2805 346 2875 χοντεςι
381 2803 459 2873 qnasi
484 2800 631 2854 saltatores
664 2802 716 2854 dici
741 2804 852 2870 possent
884 2795 1014 2871 ἐξάρχειν
1035 2805 1157 2873 μολπῆς,
1208 2803 1275 2860 Nam

231 2891 371 2960 proprium
391 2885 417 2940 id
439 2889 479 2942 ast
505 2885 578 2950 eius,
604 2888 650 2954 qui
669 2881 774 2938 cithara
799 2886 839 2938 rel
865 2883 933 2936 tibia
959 2887 1045 2962 canit,
1072 2903 1120 2942 seu
1143 2893 1277 2959 praecinit

233 2973 326 3029 choro.
369 2969 402 3026 tn
420 2985 488 3024 nunc
508 2985 550 3040 ap.
575 2967 716 3023 Pindarum
742 2975 806 3022 sunt
828 2965 1076 3042 ἀναξιφόρμιγγες
1100 2969 1204 3046 ὕμνοι,
1237 2977 1276 3028 lta

232 3061 296 3114 olim
317 3055 388 3127 apud
409 3056 520 3111 eandem
539 3059 617 3110 erant
636 3052 796 3128 ἅγεσίχορα
816 3057 978 3127 προοίμια,
1006 3064 1033 3111 et
1049 3059 1119 3127 apud
1138 3059 1275 3113 Stesicho-

234 3159 290 3198 rum
310 3142 527 3216 ἀρχεσίμολπος
546 3145 682 3194 Μοῦσα..
700 3139 729 3192 ln
750 3155 803 3209 quo
824 3141 888 3193 licet
905 3139 1276 3209 Aristarchaccouieoturam

234 3243 308 3284 suam
334 3228 428 3282 lorsam
453 3229 524 3279 tueri
549 3229 684 3296 potuisset
707 3223 829 3278 doctiore
854 3224 1052 3294 significatione
1077 3230 1205 3297 μολπῆς,
1236 3229 1274 3296 (v.

231 3314 357 3384 Apollon.
376 3310 441 3365 Lex.
463 3325 486 3364 r.
504 3307 705 3382 patinarium)
730 3324 784 3360 nou
803 3307 896 3362 dubito
914 3315 1003 3364 tamen
1021 3312 1109 3365 moltis
1135 3312 1167 3366 dc
1186 3317 1276 3368 causis

235 3402 364 3454 assentiri
390 3393 630 3466 reprehensoribus
652 3393 733 3447 illius.
777 3388 810 3446 lu'
834 3392 956 3464 Odyssea
984 3412 1048 3450 vero
1072 3397 1126 3450 illis
1153 3397 1276 3454 uersibus

234 3488 279 3539 uir
298 3485 372 3536 locus
389 3486 449 3535 orat
468 3486 578 3550 propter
595 3491 644 3542 ea,
670 3489 740 3549 qaae
768 3479 908 3533 rarissime
934 3487 1024 3534 monet
1049 3479 1145 3536 Athen.
1171 3501 1195 3553 p.
1217 3487 1275 3540 181.

233 3567 263 3624 Ε.
300 3565 333 3622 Et
352 3565 423 3638 quod
452 3567 484 3618 ἐκ
511 3570 562 3618 τοῦ
587 3569 732 3639 Κρητικοῦ
754 3569 849 3638 χοροῦ
873 3563 925 3620 τὸν
950 3564 1028 3636 ᾠδὸν
1050 3567 1171 3632 ἐξεῖλεν,
1198 3567 1276 3624 huius

233 3658 273 3710 tel
301 3651 468 3724 prohabilem
497 3653 628 3706 rationem
657 3650 757 3704 nullam
787 3653 990 3716 comminiscor,
1024 3652 1162 3708 audaciam
1188 3661 1277 3710 autam

234 3736 389 3809 corrigendi
407 3741 433 3790 et
451 3733 562 3788 timendi
579 3750 658 3791 uerno
678 3749 731 3788 non
748 3735 876 3804 intelligit
896 3739 1027 3808 insignem
1041 3754 1110 3793 esse.
1145 3739 1276 3794 Atellam

234 3827 378 3887 maiorem,
398 3827 489 3891 utpote
506 3827 582 3876 vcerte
599 3815 721 3887 pluribus
740 3823 767 3872 ot
786 3819 972 3886 pulcherrimis
986 3824 1108 3878 versibus
1123 3825 1275 3890 minantem,

235 3908 358 3962 adhibuit
375 3903 511 3961 Diodorus
525 3901 755 3972 Aristophaneus,
775 3902 891 3958 delenda
902 3912 962 3962 tota
979 3907 1158 3979 γαμοποιΐᾳ,
1178 3907 1274 3979 Odyss.

174 4035 179 4042 .
233 3995 342 4049 3-20.
377 3991 475 4047 Verum
493 3992 544 4046 hoo
561 3993 641 4066 aliter
659 3991 763 4057 accepit
787 3989 859 4058 apud
876 3989 1039 4046 htlrenaeum
1065 3992 1178 4049 casaub.
1199 4009 1276 4065 quem

232 4077 294 4133 violo
314 4095 340 4148 p.
357 4079 418 4132 326.
438 4075 485 4130 ubi
503 4081 576 4131 recte
598 4079 679 4128 etlam
696 4091 732 4127 aa·
749 4076 797 4127 hoc
811 4078 870 4127 loeo
885 4077 1059 4143 calliponitano
1073 4077 1150 4141 dicit,
1167 4087 1277 4132 rrostror

234 4162 315 4215 hodia
335 4163 440 4214 codices
459 4164 572 4215 Homeri
595 4163 631 4213 ad
651 4161 791 4213 editionem
809 4161 1009 4214 Aristarcheuru
1032 4177 1128 4230 mopere
1146 4179 1181 4216 eu
1199 4169 1279 4232 purte

233 4250 317 4316 parre
333 4247 497 4301 mundatur.
539 4245 622 4302 Plura
641 4246 674 4304 de
693 4249 807 4316 utraque
824 4240 905 4317 ῥήσει
930 4257 948 4298 a
972 4261 1013 4302 ma
1037 4250 1065 4302 in
1083 4247 1156 4302 allud
1174 4255 1278 4320 tempus

233 4337 407 4400 reponuntur.
