2976 4900
520 339 891 412 Pnouuoontnnu
1237 353 1280 419 35

119 534 221 616 pionte
245 527 382 611 deinceps
406 533 549 610 perpetua
572 539 601 596 et
624 527 773 596 commoda
799 528 886 618 ῥαφὴ
908 533 1081 598 efficeretur.
1130 538 1298 603 Memora«

118 637 189 699 bilis
212 634 346 731 profecto
368 631 510 693 institutio
532 631 728 710 legislatoris,
760 637 810 716 qui
831 637 907 698 idem
925 645 1014 718 poeta
1035 639 1103 715 tut,
1132 640 1194 702 sine
1217 661 1276 724 qua

118 743 249 804 tortasse
267 738 340 798 haec
363 735 458 798 omnia
476 751 534 795 uon
556 733 741 816 disputarem.
783 738 843 801 Nec
858 757 928 802 uero
948 739 1029 800 illurn
1050 741 1081 801 in
1102 759 1273 823 eousquam

118 845 244 923 legimus
266 841 373 921 scripto
396 836 555 918 exemplari
574 836 701 900 adiutum
723 858 804 914 esse;
834 841 912 920 quod
933 843 958 903 si
976 849 1039 902 ‘tum
1058 841 1161 903 inisset
1173 843 1271 921 ullum,

119 965 180 1009 non
204 957 276 1006 saue
295 961 314 1004 a
333 939 448 1014 Solone
471 939 582 999 demum
604 939 743 1021 rhapsodi
769 941 928 1004 dedocendi
954 939 1110 1005 luissent·
1136 940 1270 1008 Ceterum

117 1053 193 1112 haec
213 1064 262 1108 res
282 1043 320 1106 ad
348 1061 434 1104 uuam
459 1041 583 1101 Atticam
610 1042 765 1104 referenda
792 1053 851 1120 est,
881 1063 939 1107 non
968 1045 1005 1107 ad
1028 1045 1177 1108 Graeciam
1203 1044 1268 1108 uiri-

118 1171 243 1216 rersam.
284 1147 386 1227 Neque
411 1143 485 1204 euim
505 1141 673 1204 ullomodo
695 1143 833 1209 credibile
855 1157 915 1224 est,
937 1147 1076 1211 Solonem
1094 1147 1185 1209 luisse
1204 1151 1266 1230 pri·

118 1275 194 1318 mum
215 1253 353 1324 omnium,
376 1246 427 1326 qui
447 1243 499 1304 tali
519 1243 633 1308 ratione
652 1244 827 1324 elegantiori
848 1241 1029 1330 dispositioni
1052 1257 1081 1310 et
1100 1249 1265 1313 collectioni
1283 1261 1334 1316 142

117 1356 334 1420 llomerieorum
355 1361 474 1428 operum
495 1347 676 1436 occasionem
697 1349 793 1424 daret,
815 1370 909 1432 neqrm
932 1370 968 1413 ea
988 1353 1019 1412 iu
1040 1352 1124 1414 louia
1136 1359 1174 1414 -et
1193 1353 1265 1416 alibi

116 1467 176 1521 tam
197 1455 351 1528 dissolute,
380 1459 412 1512 ut
434 1447 581 1511 nonnullis
602 1467 696 1530 nuper
715 1450 841 1531 placuit,
868 1461 984 1534 nmque
1004 1453 1124 1515 confuse
1147 1460 1175 1514 et
1196 1471 1264 1535 per-

116 1563 203 1623 mixte
226 1557 366 1620 cantitata
387 1569 469 1625 esse,
489 1558 521 1611 ut
543 1565 643 1610 eonrrn
666 1553 756 1613 omnis
777 1561 863 1617 tenor
883 1556 998 1636 penitus
1022 1565 1262 1637 corrumperetur.

216 1661 320 1735 Immo,
342 1658 367 1719 ai
388 1653 563 1736 praesidium
583 1651 665 1712 nobis
685 1651 716 1712 in
738 1653 803 1716 sola
816 1659 982 1720 coniectura
1004 1653 1096 1732 esset,
1117 1657 1167 1718 ruhi
1186 1657 1260 1720 alias

115 1783 201 1847 quam
222 1764 253 1823 iu
274 1760 371 1842 patria
391 1756 509 1819 llomeri
528 1753 649 1835 primum
676 1755 834 1822 institutum
854 1759 933 1822 illius
954 1759 1142 1839 elegantioris
1160 1759 1260 1840 dispo·

115 1867 227 1928 sitionis
257 1859 484 1944 quaereremus?
527 1855 616 1918 Addo
643 1857 933 1944 otiamscriptionis:
970 1864 1052 1924 cuius
1075 1861 1168 1944 prima
1196 1869 1267 1923 ten-1

114 1970 221 2031 tandm
243 1986 263 2028 a
285 1965 443 2028 cultissima
462 1968 549 2041 gente
570 1959 649 2021 facta
669 1961 835 2025 riderentur
859 1965 921 2026 illo'
935 1973 1078 2045 tempore,
1111 1979 1169 2043 quo
1188 1979 1258 2024 con-

114 2069 266 2133 lectiou'em
285 2067 459 2130 uoluminum
480 2063 644 2125 inchoatam
667 2079 731 2124 esse
753 2063 899 2126 docuimus
923 2063 949 2146 §.
972 2063 1080 2138 xvir„
1102 2065 1130 2125 lr.
1152 2081 1177 2124 e.
1198 2063 1258 2126 Pit-

113 2175 171 2236 taei
198 2171 246 2235 rel
274 2169 393 2234 Solonis
421 2174 526 2228 aetate.
585 2162 648 2225 Etsi
677 2167 751 2227 enim
777 2168 966 2249 perantiquus
990 2175 1026 2240 ¹et
1054 2164 1256 2227 celeberrimus

112 2295 175 2339 mos
194 2272 318 2346 cauendi
335 2277 457 2352 propter
474 2285 610 2329 summam
628 2267 847 2344 iucunditatem,
870 2275 898 2337 et
918 2269 988 2348 quia
1008 2267 1096 2349 plane
1118 2267 1148 2327 in
1165 2275 1256 2330 artem

112 2380 240 2452 abierat,
262 2377 355 2437 minus
376 2369 596 2434 desiderabilem
616 2370 715 2432 lacere
736 2372 828 2451 potuit
847 2370 1045 2450 scriptionem,
1072 2378 1160 2450 atque
1180 2369 1255 2433 adeo

110 2483 235 2543 tortasse
263 2477 331 2539 huie
359 2474 478 2554 negotio
506 2490 603 2534 moras
633 2473 752 2548 obiecit,
786 2482 896 2547 umen,
929 2481 1082 2553 postquam
1111 2473 1140 2534 id
1166 2473 1256 2535 semel

108 2584 215 2646 temtari
241 2581 395 2660 coeperat,
424 2575 473 2637 uix
499 2573 589 2655 ullum
619 2573 742 2636 Carmen
769 2575 898 2655 priorum
926 2584 1085 2655 temporum
1111 2575 1254 2644 euenisse

108 2694 206 2771 putes,
232 2682 312 2767 quod
334 2680 461 2744 Graecos
481 2693 575 2757 aeque
583 2675 757 2737 ‘inuitauerit
779 2675 815 2736 ad
838 2676 1082 2757 perscribendum.

611 2895 752 2978 XXXlll.

208 3092 291 3154 Nune
305 3105 375 3151 tero
395 3084 467 3148 nihil
481 3103 554 3167 opus
570 3091 613 3144 est
627 3084 807 3146 coniecturas
823 3100 936 3166 capere.
975 3083 1104 3146 Historia
1117 3083 1254 3163 loquitur.

103 3197 181 3258 llam
206 3211 264 3258 uox
293 3191 379 3252 totius
409 3186 587 3268 antiquitatis
618 3193 662 3259 et,
700 3185 726 3246 si
755 3205 890 3248 summan
916 3194 1056 3266 spectes,¹
1072 3185 1254 3246 consentiens

103 3300 193 3361 fama·
210 3300 350 3367 testatum,
374 3291 573 3352 Pisistratum
591 3286 739 3348 Carmina
756 3285 888 3348 Homeri
903 3289 1037 3368 primum
1051 3287 1254 3364 consignasse

103 3402 236 3476 litteris,
274 3404 307 3458 at
337 3396 371 3454 iu
408 3411 480 3453 eum
513 3390 653 3450 ordimem
682 3389 871 3470 redegisseq·
892 3407 952 3469 quo
983 3403 1067 3446 nunc
1095 3385 1252 3464 leguntur.

100 3505 171 3569 lloc
190 3500 336 3583 posterius
348 3494 478 3572 dicero,
502 3489 672 3553 Pausanias
688 3497 717 3552 et
738 3490 845 3569 reliqui
867 3507 981 3563 omues,
1012 3486 1062 3568 qui
1083 3485 1254 3546 mentionem

101 3609 149 3672 rei
167 3603 293 3678 iaciunt,
313 3597 413 3660 iisdem
433 3611 527 3676 prope
540 3593 637 3657 uerbis
658 3601 687 3655 et
707 3601 739 3655 ut
751 3591 842 3674 uulgo
862 3592 1038 3654 notissimum
1050 3589 1200 3672 perhibent
1216 3579 1252 3662 ⁵).
1272 3607 1322 3660 143

104 3757 417 3780 W

157 3846 192 3920 5)
210 3841 266 3897 ctc.
284 3840 317 3894 de
338 3838 414 3892 Orat.
435 3837 488 3904 Ill,
513 3842 556 3896 st.
600 3840 664 3902 Quis
685 3836 789 3889 doctior
812 3835 906 3885 iisdem
929 3835 985 3886 iltis
1005 3831 1180 3898 temperetur,
1206 3835 1254 3878 out

214 3929 288 3980 cuius
311 3925 461 3993 clopteutio
478 3925 576 3977 titteris
588 3924 748 3976 instructior
758 3922 842 3988 fusse
854 3921 988 3979 truditur,
1007 3933 1084 3986 quum
1096 3909 1254 3966 Pisistrati?

214 4013 260 4080 qui
275 4011 379 4078 primm
396 4011 508 4062 Homeri
526 4009 625 4068 libros,
644 4011 768 4072 eorttrtsoe
786 4012 882 4066 mttere,
909 4005 949 4054 sie
966 4000 1129 4068 disposuisse
1147 3997 1253 4058 dicitur,

104 4137 109 4146 .
213 4103 243 4148 ot
260 4109 329 4146 auca
349 4093 479 4147 labemus.
515 4089 716 4154 Pausanullll,
744 4089 926 4156 26.·p·'594·
967 4089 1176 4155 Πεισίστρατος
1200 4081 1254 4146 ἔπη

215 4179 251 4234 τὰ
267 4177 394 4252 Ὁμήρου
412 4178 612 4249 διεσπασμένα
633 4193 662 4230 τε
683 4176 730 4226 καὶ
748 4171 872 4240 ἀλλαχοῦ
888 4166 1131 4242 μνημονευόμενα
1152 4164 1255 4240 ἠθροί-

218 4269 288 4328 ζετο.
323 4261 430 4332 loseph·
450 4277 471 4315 c.
491 4261 586 4332 Apion.
606 4259 633 4326 l,
651 4268 676 4316 2.
714 4259 810 4312 «nacto
828 4255 895 4309 cont
909 4253 1038 4326 Ὅμηρον
1056 4253 1089 4308 ’ἐν
1105 4248 1257 4326 γράμμασι

217 4347 267 4414 τὴν
286 4348 373 4404 αὑτοῦ
392 4351 513 4415 ποίησιν
531 4349 714 4413 καταλιπεῖν,
735 4341 804 4398 atta
824 4338 1134 4414 dt'nprvupcovruoptr'uuv
1155 4336 1185 4390 ἐκ
1202 4339 1257 4388 τῶν
