2944 4900
210 311 252 378 32
567 359 570 366 ‚
594 306 965 378 Pmondaohhhhtn.

211 507 255 564 est
275 499 363 582 culpa
384 516 500 572 eanum,
523 499 573 579 qui
592 498 679 562 talem
694 516 836 562 rumorem
856 517 912 582 pro
935 503 1016 562 certo
1029 498 1154 582 amplexi
1168 507 1250 574 suut,
1272 507 1368 582 atque
1449 525 1450 542 ι

211 605 301 686 ipsius
321 603 466 676 historici,
487 602 513 662 sl
533 603 609 663 hunc
622 602 698 664 forte
711 602 786 662 ratio
800 600 918 676 leiellit,
942 601 1019 682 quod
1040 602 1083 664 illi
1107 609 1135 664 οι
1156 601 1226 664 alibi
1248 605 1367 677 accidit,

211 712 240 769 οι
267 706 298 766 in
323 712 394 768 nom
419 705 560 768 sententia
589 705 625 766 de
654 692 784 766 llomero'
799 711 840 765 .et
866 703 1008 776 Hesiodo,
1035 689 1138 784 primia
1164 705 1367 767 conditoribus

210 807 386 885 theogoniae
405 805 534 869 Graecae
551 802 602 883 ¹⁷).
645 807 748 886 ltaque
769 806 833 886 ipsc
846 803 1011 866 llerodotus
1028 813 1125 880 caret,
1144 825 1182 868 ue
1198 808 1244 868 cui
1261 809 1369 887 mythi-

211 923 272 970 cam
297 924 358 970 rem
385 925 441 987 pro
467 917 614 991 comperta
642 909 752 972 babere
779 907 878 968 libeat.
928 905 1065 968 Pluribus
1093 910 1244 971 autemid
1271 927 1368 990 agere

210 1029 341 1095 possem,
367 1009 492 1091 prolatis
513 1011 653 1072 similibus
676 1009 813 1090 exemplis
841 1008 1021 1083 fabularum,
1051 1018 1083 1070 ιιι
1115 1009 1231 1082 celebre
1259 1031 1368 1075 nomem

211 1114 313 1178 Cadmi
327 1121 432 1176 temere
455 1110 493 1174 ad
504 1110 697 1174 -Phoeuioiam
708 1111 902 1174 inventionem
916 1111 1078 1174 traductum
1093 1129 1257 1192 arguerem.
1301 1109 1369 1177 Sed
1451 1162 1452 1196 η

212 1207 281 1298 qnid
303 1216 359 1278 hoc
378 1222 479 1276 noema
500 1209 613 1278 retent
649 1214 687 1276 Ut
708 1211 833 1276 Cadmus
855 1213 1146 1290 reverentiorem,
1177 1226 1209 1279 ut
1228 1219 1367 1280 barbaris
1451 1205 1452 1270 l

160 1328 195 1384 55
212 1317 352 1382 Boeotiae
373 1315 542 1396 stupendum
568 1323 659 1378 artem
689 1314 861 1388 ostenderim
899 1314 1074 1378 docilitatem
1101 1317 1243 1398 largimur
1270 1318 1309 1382 iia
1337 1331 1369 1384 et
1451 1325 1452 1332 ’

211 1423 314 1484 adum:
353 1419 482 1498 quamvis
504 1419 662 1500 Amphion,
685 1419 803 1498 integro
816 1417 933 1479 saeculo
955 1419 1116 1498 posterior,
1139 1424 1189 1503 qui
1204 1423 1368 1487 Thebanae

210 1525 273 1588 arci
300 1521 498 1584 aedificandae
521 1520 635 1602 lapidee
658 1529 745 1582 cautu
772 1517 1030 1594 enascerentur,
1061 1519 1155 1586 edicto
1185 1526 1367 1589 commodius

210 1627 352 1710 potuisset
371 1624 447 1686 circs
469 1639 603 1696 mouere,
629 1616 662 1684 ut
684 1621 797 1702 lapidea
820 1629 1010 1700 aggererent:
1043 1622 1096 1684 sed
1125 1635 1156 1688 ιιι
1179 1630 1267 1709 pauci
1289 1645 1368 1710 pau·
1452 1707 1453 1712 ἵ

182 1747 187 1756 ·
212 1745 310 1794 οοιιιιιι
333 1726 430 1807 gratia
451 1725 481 1785 in
505 1723 658 1788 scribendo
680 1725 737 1784 iam
758 1731 816 1784 tum
829 1722 1135 1804 periculumleceriut,
1159 1730 1207 1792 rel
1226 1732 1366 1794 breuibus
1452 1727 1453 1778 l

211 1833 342 1896 versibus
365 1835 394 1890 et
415 1828 629 1909 epigrammatis
652 1844 737 1900 aera,
765 1841 858 1907 nuper
880 1824 1001 1886 conflari
1020 1835 1137 1908 coepta,
1168 1833 1367 1911 signaverinta
1448 1855 1453 1872 ·

212 1954 298 2017 ηιιαιιι
318 1934 409 2011 louge
428 1931 501 1992 baec
530 1929 610 1990 rudis
634 1947 725 2010 opera
755 1929 794 1990 ab
820 1927 954 2009 expedito
982 1946 1038 1989 usu
1067 1938 1096 1992 et
1125 1932 1272 1996 facultate-
1290 1936 1365 1996 artis

212 2037 372 2118 discrepet,
395 2032 517 2112 quisque
537 2032 600 2094 siue
621 2030 815 2095 admonitione
837 2039 937 2093 nostra
957 2029 1103 2109 iutelligit

259 2173 267 2190 ·
312 2138 413 2217 Magis
434 2144 529 2199 autem
542 2135 719 2200 llerodotuu
738 2134 828 2195 miror
848 2133 880 2194 in
900 2149 951 2206 eo,
974 2133 1054 2213 quod
1074 2135 1131 2196 tria
1149 2137 1203 2200 illa
1215 2139 1366 2220 epigram-

210 2250 301 2315 mata,
335 2257 412 2320 quae
438 2239 544 2301 ibidem
573 2257 610 2300 ex
637 2235 825 2300 anathematis
846 2234 961 2296 Iemerii
982 2235 1128 2316 Apollinis
1148 2242 1226 2322 apud
1244 2242 1365 2305 Theba·
1453 2245 1454 2296 1

211 2361 265 2406 nos
284 2325 539 2420 nammipsir‘ffi),
559 2340 691 2421 proxime
713 2335 751 2398 ad
774 2335 876 2399 Gadmi
895 2345 1018 2398 aetatem
1039 2332 1176 2418 retrudit,
1197 2343 1365 2406 etHomcro

317 2614 350 2668 dc
369 2628 398 2668 re
418 2612 529 2681 proprie
546 2611 690 2679 scriptum,
709 2609 785 2660 cuius
805 2609 966 2662 auctoritate
984 2612 1011 2664 in
1026 2609 1125 2666 Cadmo
1142 2613 1262 2668 ornando
1277 2617 1365 2670 utitur

317 2698 439 2752 Clemens
458 2693 533 2756 Alex.
553 2693 651 2748 Strcrn.
681 2690 701 2745 l.
729 2709 755 2762 p.
779 2698 840 2750 306.
859 2691 889 2745 D·
910 2692 1014 2759 Paris,
1043 2696 1159 2752 sortasse
1184 2699 1263 2768 plura
1289 2715 1362 2754 com-

316 2788 404 2838 menta
423 2779 503 2835 nobis
522 2779 672 2834 refellenda
691 2783 789 2832 essent.
825 2777 946 2832 Ceterum
964 2778 1034 2832 haud
1057 2784 1112 2834 scio
1132 2798 1166 2836 an
1184 2789 1286 2838 temere
1303 2801 1362 2841 cum

314 2867 452 2934 llcrodoto
478 2867 675 2932 coniungantur
709 2865 728 2915 ii
752 2865 914 2932 scriptores,
949 2868 993 2935 qui
1026 2861 1196 2946 Phoenicium
1229 2872 1363 2942 originem

313 2953 398 3014 artis,
425 2963 479 3001 non
499 2950 661 3001 invectorem
685 2946 810 3000 (ladmum
830 2947 946 3024 tradpnt.
982 2948 1053 3016 Huc,
1078 2953 1134 3006 nisi
1153 2952 1250 3019 fallor,
1277 2959 1362 3024 perti-

313 3035 373 3088 nuit
391 3033 467 3088 locus
485 3029 611 3100 Sophocl.
630 3032 659 3083 in
681 3028 856 3097 Pastoribos,
876 3047 951 3100 quem
972 3035 1062 3103 tangit
1081 3034 1192 3108 Hespcb.
1212 3055 1236 3092 v.
1256 3046 1362 3096 Φοινι-

313 3121 401 3180 αίοις,
427 3119 474 3188 qul
493 3132 554 3172 mox
578 3118 635 3185 ipse
654 3112 705 3168 hoo
722 3112 819 3169 hahet:
850 3117 946 3168 Λυδοὶ
967 3121 1014 3170 καὶ
1035 3116 1133 3180 Ἴωνες
1150 3122 1183 3174 τὰ
1203 3121 1363 3197 γράμματα

286 3273 290 3279 ¹
313 3201 372 3258 cinci
395 3199 535 3262 Φοίνικός
554 3220 632 3260 τινος
650 3197 793 3270 (ἔλαβον).

251 3291 298 3360 17)
315 3287 353 3355 ll,
379 3292 421 3346 53.
465 3288 609 3358 Perperam
637 3283 923 3349 thamnachsarae,
952 3273 1035 3339 οὗτοι
1052 3285 1112 3340 eici
1136 3294 1165 3344 οἱ
1188 3292 1363 3358 ποιήσαντες

312 3378 471 3443 θεογονίην
492 3370 605 3439 Ἕλλησι
613 3371 686 3444 ,laic
706 3374 820 3440 accipit,
843 3375 877 3422 ¹ttl
902 3368 943 3422 illl
968 3369 1020 3425 dtto
1042 3375 1121 3442 primi
1138 3379 1257 3432 amathas
1275 3397 1363 3448 expo.

313 3460 399 3510 eriere
425 3450 615 3526 theogeniam,
647 3467 703 3508 non
734 3455 883 3506 condidisse
907 3454 1038 3515 dicantur.
1085 3459 1157 3514 Sane
1191 3465 1229 3516 ita
1251 3467 1363 3533 ponitur

314 3544 429 3608 mereim
455 3541 504 3594 sed
523 3542 628 3596 dativus
646 3541 674 3591 iu
692 3537 746 3591 bac
763 3537 961 3607 significatione
978 3544 1055 3598 verbi
1072 3543 1179 3601 additus
1198 3549 1256 3603 lucc
1270 3565 1361 3604 exem-

231 3633 233 3640 ’
312 3623 418 3694 plorum
437 3623 551 3693 egebat,
580 3622 671 3694 qualia
692 3621 755 3676 mihi
781 3622 884 3693 quidem
904 3627 1043 3697 incognita
1061 3635 1129 3682 sunt.
1171 3631 1257 3688 Etiam
1275 3633 1362 3690 hahe-

313 3721 433 3780 nagoras
452 3723 510 3761 cum
531 3707 612 3778 vulgo
631 3711 712 3764 sentit
731 3711 758 3761 in
776 3705 854 3776 Apol.
873 3723 922 3778 pro
942 3710 1003 3765 Chr.
1031 3729 1057 3782 p.
1079 3717 1154 3779 129..
1181 3716 1291 3772 laudato
1310 3719 1361 3774 illo

311 3779 372 3848 loco
392 3797 418 3846 et
434 3794 461 3845 in
481 3796 639 3846 sententiam
661 3807 735 3845 emam
754 3807 842 3846 verso.
1233 3801 1240 3814 ·

244 3880 291 3952 ta)
311 3878 458 3935 Sublicium
478 3890 525 3936 ea,
543 3880 587 3940 ιι,
607 3875 670 3947 quid
689 3879 782 3944 uelim,
803 3894 836 3934 ex
854 3877 905 3932 bac
917 3868 1024 3948 'pagiua
1042 3889 1187 3950 appareat:
1237 3905 1242 3914 ·

379 3963 400 4018 l.
418 3956 602 4034 Ἀμφιτρύων
619 3961 650 4030 μ’
671 3961 826 4031 ἀνέθηκεν,
846 3961 898 4019 ἰών
916 3960 975 4016 ἀπὸ
995 3963 1173 4032 Τηλεβοάων.
1238 3952 1242 3960 ’

368 4045 401 4101 ΙΙ.
414 4044 530 4128 ,Σκαιός
549 4051 725 4117 πυγμαχέων
740 4046 921 4122 μοι-ἑκηβόλῳ
938 4045 1097 4104 Ἀπόλλωνι

419 4128 536 4198 νικήσας
554 4127 678 4197 ἀνέθηκε
696 4135 757 4188 τεῒν
772 4133 937 4207 περικαλλὲς
953 4129 1075 4205 ἄγαλμα.

355 4213 403 4270 ΙΙΙ.
421 4214 584 4289 Λαοδάμας
601 4216 716 4290 τρίποδ’
735 4213 824 4270 αὐτὸν
840 4212 972 4284 dicacium
989 4215 1148 4286 Ἀπόλλωνα
1245 4265 1247 4270 .

423 4303 613 4373 μουναρχέων
631 4297 754 4367 ἀνέθηκε
771 4300 832 4355 relb
849 4301 1016 4374 περικαλλὲς
1034 4300 1156 4372 ἄγαλμα.
1178 4365 1183 4372 ,
