2976 4900
511 355 877 422 Paonaoomttttn.
1206 357 1268 424 165

117 549 328 612 adseribuntnr.
379 545 480 628 Neque
508 547 592 608 iniis
613 546 684 626 ipsis
705 545 776 608 nibil
798 545 957 628 reperitur,
986 545 1064 624 quod
1086 546 1186 619 trabis,
1219 550 1268 626 qui
1305 556 1311 563 ’

117 671 170 714 nee
197 652 292 714 lantes
320 649 399 722 eius,
427 666 481 711 neo
505 665 609 710 causas
631 648 830 726 castigationis
854 664 951 710 omnes
973 647 1118 721 norimus,
1145 656 1267 710 temera·
1284 663 1336 716 273

117 757 190 818 riom
213 763 241 816 et
262 757 300 816 ab
320 753 430 831 insigni
451 752 607 816 insolentia
626 751 786 832 profertum
805 750 899 814 rideri
921 749 1032 812 debeat.
1082 751 1186 814 Verum
1209 772 1268 815 non

117 868 160 920 est
181 859 266 920 huius
289 857 364 930 loni,
395 855 431 916 de
452 856 508 918 boo
532 873 641 934 genere
663 862 798 918 aeeurate
828 853 992 933 disputare:
1025 854 1126 934 itaque
1151 857 1267 936 potiora

117 959 259 1040 quaedam
280 958 383 1020 leuiter
403 960 641 1040 perstringamus.

221 1074 376 1137 Ordiamur
397 1075 438 1134 ab
457 1075 607 1147 extremis,
625 1064 816 1155 Ὁμηρικῶς,
841 1079 874 1131 ut
893 1070 985 1132 aiunt
1030 1069 1106 1134 Nota
1128 1085 1191 1137 erat
1210 1078 1267 1139 iam

117 1177 222 1242 dodum
252 1183 288 1238 'ex
308 1176 459 1239 Eustetbio
489 1185 517 1239 et
542 1176 608 1238 aliis
636 1166 795 1256 ἀθέτησις
815 1190 949 1237 uersuum
969 1173 1005 1234 de
1024 1173 1132 1239 iudicio
1153 1179 1267 1256 Paridis

116 1303 152 1346 ω.
174 1283 333 1355 atr-30,
359 1279 444 1340 modo
465 1287 568 1341 auctor
589 1269 777 1359 ἀθετήσεως
797 1277 1004 1354 ignorabatur,
1035 1297 1119 1358 quem
1137 1283 1267 1345 Aristar-

117 1386 200 1452 chum
230 1401 294 1444 esse
325 1399 400 1444 nunno
429 1381 628 1462 comperimus.
683 1381 728 1441 Ab
757 1396 793 1440 eo
814 1379 905 1456 igitur
925 1387 1025 1440 notata
1047 1390 1112 1442 sunt
1132 1383 1162 1442 in
1182 1383 1267 1445 istum

115 1486 211 1548 loount
241 1493 269 1546 et
293 1483 352 1546 alia
374 1484 516 1564 quaedam
538 1501 609 1545 saue
630 1483 759 1556 leuiora,
788 1490 816 1543 et
837 1483 908 1556 boo,
938 1481 1016 1561 quod
1035 1483 1175 1546 Homerus
1196 1505 1268 1564 gra-

114 1589 260 1651 uissimam
288 1586 368 1648 illam
393 1604 510 1648 eatrsam
538 1586 609 1647 belli
630 1603 688 1646 non
710 1585 812 1646 fuisset
834 1602 891 1645 nno
915 1583 981 1645 looo
1005 1585 1164 1663 allaturus,
1194 1609 1268 1671 qao-

114 1693 193 1753 niam
215 1689 276 1751 eius
298 1688 484 1767 attingendae
507 1706 595 1769 saepe
618 1689 736 1750 ooeasio
760 1687 877 1760 fuisset,
904 1688 928 1746 si
949 1687 1139 1752 lubulaesset
1152 1695 1267 1754 omnino

116 1793 221 1856 aetatis
242 1791 423 1852 Homericae.
480 1790 675 1853 Obvertebant
705 1790 818 1870 quidem
841 1789 971 1850 nortnulli
990 1792 1077 1872 plura
1098 1795 1175 1875 apud
1197 1805 1268 1877 pod-

15 1983 16 1986 ,
115 1905 174 1957 tam
209 1892 297 1958 semel
332 1901 505 1965 memorata,
545 1911 621 1972 quae
659 1901 755 1954 tamen
792 1892 893 1954 Critiei
927 1894 1036 1955 intaeta
1073 1896 1267 1976 reliquissent.

114 1999 248 2060 Frustra.
297 1989 372 2058 Non'
394 1998 468 2058 eninr
496 1996 547 2057 ille
571 2015 596 2056 e.
620 1997 670 2055 63.
702 1991 769 2057 silet
797 1987 874 2076 νῆας
899 1990 1092 2075 ἀρχεκάκους
1113 1999 1133 2058 i.
1150 2017 1174 2062 e.
1198 2020 1268 2081 pro-

115 2101 269 2163 ieetionem
288 2097 402 2160 Paridis
422 2096 685 2166 Lacedaemonem,
705 2094 735 2154 in
757 2113 816 2174 qua
836 2115 873 2157 ex
894 2115 974 2158 more
994 2097 1103 2158 saeculi
1126 2101 1170 2159 sui
1191 2103 1268 2164 barad

116 2204 215 2266 dubie
233 2202 272 2262 ad
299 2200 418 2262 fatalem
450 2217 567 2260 oausam
596 2215 785 2276 regressurus
813 2207 891 2273 erat,
928 2218 1004 2279 quae
1032 2201 1145 2281 eulpam
1172 2211 1269 2266 trans-

114 2311 207 2371 ferret
236 2308 265 2366 in
291 2305 370 2366 deos.
423 2299 615 2378 Quamobrem
643 2308 672 2360 et
691 2307 805 2362 ueteres
820 2295 877 2377 ⁵⁸),
912 2311 941 2363 et
967 2303 1145 2365 recentiores
1168 2307 1268 2388 aliqui,

116 2415 147 2474 in
186 2410 303 2490 quibos
323 2410 415 2469 instar
452 2406 575 2468 omnium
602 2403 833 2464 Hernsterbusios
863 2413 923 2479 est,
947 2406 1046 2486 ⁴plane
1075 2409 1272 2486 probauerunt

117 2514 255 2576 iudicium
278 2511 365 2585 illud,
394 2528 452 2590 quo
474 2508 610 2569 iudicium
631 2505 745 2566 Paridis
769 2505 889 2568 tollitur.
931 2506 1034 2586 Neque
1056 2509 1186 2590 equidem
1208 2522 1272 2574 tan-

117 2629 167 2680 tae
199 2614 364 2678 auetoritati
392 2612 584 2690 alloquerer,
616 2607 671 2666 nisi
696 2607 780 2678 mibi,
810 2617 840 2667 ut
870 2608 941 2668 alibi
968 2609 1144 2688 significavi,
1174 2615 1203 2674 in
1225 2618 1270 2678 bis

116 2717 272 2802 postremis
302 2714 388 2776 alium
418 2720 566 2773 auotorem
597 2727 681 2788 quam
706 2710 834 2789 priorum
862 2709 1000 2772 librorum
1022 2714 1123 2776 erudire
1144 2717 1268 2781 uiderer.
1288 2737 1339 2790 274

119 2823 204 2884 Nnno
238 2835 309 2880 uero
346 2824 375 2877 et
402 2813 474 2874 illud
503 2822 531 2875 et
559 2811 732 2874 Hesiodeam
756 2807 953 2895 μαχλοσύνην
968 2809 1011 2894 ⁵⁰)
1041 2813 1118 2878 baud
1148 2832 1271 2898 grauate

118 2925 202 2997 fero,
235 2920 289 2981 etsi
318 2935 354 2980 ea
379 2919 436 2978 iam
460 2917 490 2977 in
517 2914 731 2997 Aristophaneo
754 2916 830 2976 etin
853 2914 961 2976 turbinis
984 2917 1155 2994 quibusdam
1176 2939 1273 2984 exent-

119 3027 253 3110 plaribns
286 3020 409 3104 expulsa
438 3029 516 3095 erat,
544 3027 605 3083 toto
634 3020 810 3085 bernistiobio
837 3018 879 3078 sia
898 3026 1025 3092 mutato,
1058 3011 1129 3103 ἥοῖ
1152 3042 1273 3106 κεχαρι-

18 3165 19 3176 .
121 3120 225 3206 σμένα
254 3115 327 3205 δῶρ’
357 3114 500 3203 ὀνόμηνε.
569 3121 661 3196 Qtram
692 3131 770 3184 reete
803 3129 831 3181 et
862 3119 1018 3198 religiose,
1055 3141 1114 3184 non
1143 3125 1272 3190 dixerint.

122 3232 197 3294 Nom
221 3245 323 3308 parum
344 3223 513 3305 probabiles
535 3232 606 3303 puto
628 3241 678 3284 eas
702 3239 799 3283 ornnes
818 3222 1002 3282 coniecturas
1019 3231 1047 3282 et
1067 3224 1185 3301 obelos,
1211 3231 1275 3309 qui-

122 3337 179 3397 bus
210 3337 339 3392 extrema
368 3325 478 3388 Iliados
506 3324 545 3386 ad
566 3322 776 3385 similitudinem
797 3319 967 3386 Homericae
989 3329 1202 3392 connsuetudinis
1222 3351 1275 3414 per

122 3439 181 3499 rim
211 3431 355 3510 reingere
381 3427 536 3490 uoluerunt
551 3421 604 3502 ⁰⁰).
655 3426 734 3487 Alibi
758 3428 874 3508 saepius
895 3428 1047 3490 absentior
1070 3439 1113 3491 ast
1135 3438 1276 3496 sententia

126 3617 438 3635 ,,,.,-...-.-.-.--

164 3753 212 3821 58)
237 3748 359 3804 Maerob.
387 3749 494 3802 saturn.
521 3745 552 3808 V,
572 3751 613 3804 16.
639 3727 758 3802 modssot
785 3747 861 3802 boot.
888 3747 967 3804 Vitae
993 3749 1072 3806 Hom.
1101 3748 1134 3803 T.
1153 3749 1183 3804 V.
1215 3749 1277 3804 Ero.

251 3837 333 3892 aas.

164 3935 212 4004 59)
232 3852 318 3987 p(loni.
339 3930 437 3985 Suldas
460 3937 486 3984 et
509 3928 634 3996 Apellen.
660 3944 717 3984 voe.
741 3927 907 3999 μαχλοσύνη
936 3932 1026 4001 ibique
1046 3931 1152 3986 Villois.
1195 3934 1279 3988 Sltnul

235 4035 267 4073 ex
287 4017 337 4071 buo
357 4033 385 4071 re
406 4015 596 4083 intelligimus,
622 4011 803 4066 Aristarobum
824 4015 940 4070 Hesiodo
961 4031 1008 4070 seu
1027 4020 1131 4070 auctori
1149 4017 1278 4071 Καταλό-

235 4123 295 4173 γων
314 4085 470 4156 ἰηίέτίοτέιιι
491 4113 568 4168 quam
586 4096 700 4151 Homero
724 4104 837 4153 aetatem
856 4097 991 4155 tribuisffe.

165 4207 214 4275 60)
234 4203 262 4257 ld
279 4206 318 4255 ita
338 4203 433 4254 laetum
452 4213 511 4251 esse
532 4199 631 4250 alarum
652 4203 692 4250 ost
712 4213 742 4250 ex
761 4197 860 4260 Saboll
879 4199 913 4252 ad
938 4207 970 4256 Υ.
990 4207 1025 4252 «b.
1050 4209 1084 4259 ψ,
1130 4201 1157 4254 ln
1184 4201 1281 4273 quibus

235 4286 389 4357 rhapsodiis
409 4286 530 4338 eertotinn
550 4282 725 4338 elaborarunt
745 4291 865 4352 veteres,
888 4293 916 4340 ut
936 4281 1013 4340 not'as
1032 4289 1158 4356 proprias·
1178 4288 1279 4340 alieno-

236 4387 292 4425 rum
315 4373 483 4440 ingeniorum
504 4371 657 4424 eximerent.
