2976 4900
516 305 887 408 ruouueounun.
1213 315 1277 382 tan

118 503 189 558 ruat
212 493 338 576 editores
361 501 490 567 ueteres,
514 513 571 560 uon
592 505 660 558 sunt
682 498 777 560 onnia
791 497 948 573 eiusmodi,
970 505 1002 559 ut
1022 499 1150 572 mumndi
1166 518 1275 568 333333

117 601 277 670 uideantur
303 597 374 660 satis
406 613 513 676 333333
542 599 650 674 tuisse,
685 600 720 686 si
738 575 844 664 solam
858 601 1084 666 eommoditatem
1111 619 1213 668 seusus
1242 610 1271 664 et
1288 600 1340 656 224

115 701 405 770 usum--llomerioum
430 709 560 782 spectes:
593 721 652 782 quo
673 701 804 778 -ulterius
830 703 972 784 progredi
996 720 1147 783 nequeas,
1178 723 1271 784 pumu-

114 808 274 890 dnquideu
295 821 371 866 3333
401 802 436 865 de
457 805 626 870 testimoniis
646 805 829 886 antiquorum
851 781 981 870 oudinum
1002 823 1062 870 oon
1089 813 1202 871 aomar
1216 800 1269 882 99).

113 915 177 978 Sed
199 921 231 974 ut
251 910 351 991 plures
372 907 488 982 illarum
508 906 662 998 leeuonrpn
683 907 834 986 vulgatas·
847 917 963 982 nostras
993 909 1199 990 aequiparant,
1223 909 1266 972 ita
1282 904 1334 961 225

112 1020 214 1080 insunt
236 1013 321 1110 etiam
342 1011 372 1082 in
394 1009 469 1088 illis,
491 1025 567 1090 quae
587 1011 675 1094 plane
696 1019 845 1092 praestent
859 1005 896 1087 ¹).
948 1009 1027 1086 Quas
1046 1012 1072 1072 si
1091 1012 1265 1094 Aristopha-

308 1195 313 1204 .

115 1227 421 1246 ...-.---—-—---·

218 1393 390 1468 nidvarnptunn
410 1397 501 1454 erasit,
523 1406 590 1460 quos
607 1386 685 1457 plano
703 1383 793 1443 omisit
805 1384 1009 1455 Aristophanes.
1046 1385 1143 1440 Verum
1160 1392 1261 1442 tautum

215 1495 282 1538 unns
303 1479 366 1530 talis
390 1481 531 1538 tietmar,-
547 1478 568 1534 ξ.
592 1477 650 1528 114.
673 1515 676 1528 .
697 1471 761 1528 ltem
786 1487 864 1526 unum
888 1470 1033 1539 exemplum
1060 1469 1173 1540 legimus
1199 1486 1260 1525 uer-

214 1581 289 1620 suum
308 1560 342 1614 ab
360 1567 474 1631 utroque
495 1557 692 1629 ἠθετημένων,
720 1579 744 1624 η.
767 1563 853 1616 195-
867 1558 924 1612 199.
959 1554 1054 1624 Longe
1073 1555 1180 1624 plures,
1200 1559 1260 1626 qui-

216 1653 266 1706 bus
292 1652 382 1700 uotam
404 1646 561 1698 retentionis
581 1645 754 1712 appiuuerat,
786 1657 817 1695 ex
836 1653 875 1694 eo
888 1655 988 1710 genere
1008 1646 1101 1703 erant,
1135 1639 1206 1711 quod
1225 1657 1259 1694 ne

214 1730 483 1811 scripseratqnidem
501 1727 675 1791 Zenodotus‚
704 1724 769 1780 οὐδὲ
789 1721 952 1798 ἐγεγράφει.
992 1721 1104 1790 Quales,
1133 1724 1156 1776 si
1173 1722 1258 1777 Sobo-

215 1821 303 1876 liastis
327 1815 473 1879 oredimus,
502 1813 529 1866 hi
547 1811 713 1884 potissimum
732 1816 809 1865 erant
827 1811 860 1862 ab
880 1806 1061 1876 Aristophane
1085 1807 1259 1880 disruptione

213 1913 230 1962 i,
251 1922 275 1960 3.
298 1902 372 1954 uotis
396 1900 559 1982 c‘ouupnueli:
598 1901 628 1950 Θ.
652 1900 713 1954 284.
731 1899 889 1952 385—387.
908 1899 967 1953 553.
986 1895 1045 1948 55⁴.
1079 1913 1110 1964 μ.
1135 1895 1258 1950 23-25.

212 1997 273 2050 333.
310 1989 418 2042 ansa.
453 1986 477 2036 u.
501 1990 539 2039 aa.
565 1985 605 2039 tt.
630 1987 754 2039 ra-os.
786 1987 842 2040 180.
867 1982 928 2037 353.
951 1982 1012 2034 333.
1045 1998 1076 2050 μ.
1102 1978 1258 2036 aun-mo

137 2147 138 2152 ἵ
211 2083 278 2136 353·
306 2071 364 2132 llno
384 2069 500 2140 deniqne
520 2069 581 2120 looo
601 2085 632 2138 tp:
653 2075 725 2132 130„
751 2065 796 2118 nbi
814 2065 883 2118 huno
901 2069 928 2116 et
944 2078 1018 2132 seqq·
1038 2066 1055 2118 5
1073 2077 1166 2116 uersus
1185 2077 1256 2117 3333-

213 2164 340 2234 pnuuisse
369 2157 466 2224 dieitur
492 2148 811 2222 Aristophanemunius
844 2147 922 2201 lunius
953 2139 1100 2199 auotoritas
1132 2144 1257 2200 laudatur

211 2261 341 2326 seorsum.
485 2315 488 2322 ι

297 2329 371 2382 lum
396 2339 521 2402 summam
547 2325 585 2376 ini
611 2335 732 2384 uersuum
758 2321 888 2380 omnium,
915 2315 976 2370 huio
997 2315 1096 2370 Critiae
1116 2320 1255 2386 suspecto·

207 2415 285 2482 'rum;
309 2420 335 2470 et
352 2413 457 2466 minione
477 2408 690 2469 retraheremur
708 2404 753 2456 ille
772 2401 940 2476 auetoribus
960 2417 1088 2471 nusquam
1109 2391 1254 2470 reprehon·

213 2508 291 2560 datur
315 2500 349 2554 ob
369 2500 465 2578 niurias
484 2491 641 2561 tiberinam.
685 2489 766 2542 lmmo
786 2490 852 2542 satis
872 2486 991 2540 modeste
1012 2487 1089 2550 lecit,
1117 2485 1187 2556 quod
1206 2500 1254 2540 aas

211 2602 317 2662 quoquo
342 2599 452 2648 uorsnrs,
479 2598 545 2652 quos
565 2577 593 2632 Z.
613 2577 654 2630 uel
674 2573 811 2628 deleuerat
831 2573 872 2624 vel
892 2573 919 2622 in
937 2569 1013 2624 oodd.
1032 2571 1089 2636 suis
1107 2584 1161 2622 non
1179 2571 1254 2621 iuue-

209 2678 302 2748 uerat‚
327 2671 467 2739 apposuit,
491 2683 524 2720 33
542 2661 610 2736 quid
626 2659 719 2714 fraude
736 2658 873 2712 uideretur
888 2655 1069 2718 subtraxisse,
1092 2651 1164 2723 qnod
1181 2650 1251 2704 alius

15 2787 16 2816 ;
99 2812 106 2823 ,
209 2763 303 2816 forsan
323 2753 489 2823 Honorinum
516 2749 680 2804 inclinaturus
701 2749 781 2796 esset.
818 2741 940 2794 Ceterum
960 2741 1011 2793 etsi
1030 2737 1062 2791 de
1081 2736 1122 2792 his
1142 2743 1170 2791 et
1188 2735 1250 2789 aliis

211 2842 299 2898 rebus·
315 2838 408 2895 timide
434 2830 626 2889 ooniioiendum
654 2833 695 2882 est
719 2829 829 2894 propter
854 2826 1028 2894 reliquiarum
1045 2819 1123 2876 buius
1142 2822 1251 2890 generis

211 2930 387 3002 paucitatem,
419 2921 484 2976 illud
507 2925 596 2972 tamen
621 2912 840 2967 verisimillimum
865 2914 921 2972 est,
947 2909 1125 2959 Zenodotonm
1151 2911 1252 2956 temtum

210 3013 360 3069 Garruiuum
379 3003 597 3066 Hotuerioor'ur‘u,
620 2995 691 3069 qnod
709 2995 789 3064 hodie
806 2996 933 3060 didimus,
956 2993 1067 3061 {tondum
1086 2991 1170 3047 luisse
1188 2989 1250 3041 Ari·

201 3098 350 3170 stophnuei.

135 3211 185 3271 99)
204 3187 352 3280 Germper
371 3187 569 3272 sospesnenda
585 3181 748 3266 untur-tuerat
767 3180 885 3260 maxima
896 3191 960 3246 pars
978 3175 1071 3228 harum
1091 3172 1248 3226 lectionum:

209 3294 235 3356 3.
259 3289 340 3365 393.-
351 3284 486 3358 33373.ἁ
497 3296 522 3342 η.
548 3262 593 3332 Ξῖ,
610 3275 724 3350 333-3
740 3251 898 3348 daia-nm.
934 3263 1035 3342 3.-333.
1054 3239 1114 3314 ΞΞΞ.
1149 3257 1172 3307 t.
1193 3259 1250 3309 333.

209 3371 412 3448 sunam]
439 3369 483 3420 uo·
503 3365 546 3418 33.
582 3363 649 3438 ⁹2}-
669 3353 845 3435 susp-aot.
865 3353 925 3405 oss.
945 3354 1005 3404 333.
1043 3343 1125 3404 alu
1163 3358 1188 3390 ο.
1208 3324 1251 3395 m.

212 3461 269 3515 197.
304 3470 335 3505 rc.
354 3459 388 3508 25
434 3442 796 3506 σ.53..τ.33.135.333.
832 3433 1025 3494 honestant,
1054 3429 1166 3497 opinor,
1191 3423 1251 3493 qui-

209 3545 260 3604 bus
279 3536 424 3594 nonnullae
444 3547 535 3588 aarum
555 3527 748 3597 nuno'quoque
767 3528 840 3577 textu
860 3521 959 3590 dignae
982 3516 1139 3584 uideantur,
1172 3523 1251 3580 quum

209 3629 244 3684 ab
271 3628 304 3679 iis
328 3621 474 3676 discessum
499 3615 586 3694 uideri
614 3617 696 3684 queat
720 3612 808 3680 potius
834 3622 882 3676 per
901 3603 1037 3660 libidinem
1058 3603 1084 3650 et
1110 3605 1252 3668 operosam

155 3713 163 3720 “
209 3711 391 3770 sedulitatem,
416 3718 494 3776 qnam
513 3699 668 3754 melioribus
686 3697 765 3751 libris
782 3691 922 3748 consultis.

159 3817 190 3886 ι)
209 3811 292 3868 Tales
313 3793 373 3863 esse
390 3804 455 3874 duni
474 3801 617 3868 reoepique
634 3799 661 3860 in
680 3793 841 3864 primisiae
861 3790 943 3852 duas,
972 3781 1068 3858 μάχην
1091 3793 1141 3847 pro
1157 3771 1252 3847 μάχης

211 3913 238 3952 o.
256 3897 326 3957 459..
342 3889 450 3966 “Oooou
468 3885 494 3941 δ’
515 3881 673 3956 ἐννεᾷχιλοι
693 3895 742 3949 pro
763 3873 809 3931 ὅσ.
830 3873 852 3928 τ’
872 3869 981 3940 iuuenix.
1006 3851 1257 3930 t.148.‚teruam-'

212 3981 278 4053 que,
305 3981 332 4032 ni
358 3978 451 4046 lallor,
480 3972 630 4040 avulgata
648 3982 702 4040 uon
720 3964 828 4033 longius
848 3957 1054 4014 abhorrentem,
1089 3948 1164 4013 ouius
1183 3955 1254 3998 nuno

210 4082 265 4121 333
282 4052 396 4118 memini.
431 4057 469 4114 Ao
490 4043 603 4116 forsitan
624 4054 744 4122 resipere
763 4046 912 4100 debuissem
931 4039 1048 4108 aliquam
1066 4048 1098 4086 eu
1117 4034 1166 4095 iis,
1186 4041 1254 4099 quas

213 4150 313 4206 Sabell.
334 4148 451 4220 probant
472 4141 593 4214 formulis
614 4139 685 4200 sula,
713 4130 764 4186 οὐκ
784 4128 960 4200 ἀχαρίστως,
993 4126 1019 4174 et
1038 4115 1151 4192 μήποτε
1171 4111 1254 4186 ἅμα·

215 4256 283 4300 νον,
308 4233 349 4304 (h.
364 4248 387 4288 3.
408 4232 501 4287 mettas
517 4231 650 4296 fortusse,
661 4211 761 4274 ‘baud
779 4216 854 4268 seio
867 4209 917 4264 ’33
940 4208 1033 4260 arelius
1050 4202 1162 4270 fuerim)
1184 4203 1213 4252 ut
1229 4214 1255 4252 ν.

213 4325 274 4378 502.
295 4315 429 4392 πρόσθεν
455 4331 482 4385 p.
501 4316 617 4391 πρῶτος
642 4295 691 4362 eto.
718 4307 764 4356 ant
782 4298 863 4354 hasne
881 4309 936 4350 333
956 4291 1123 4362 ineleganten
1141 4285 1257 4353 seriptu-
