2944 4900
478 311 845 384 ritoauccmattu.
1190 312 1233 380 ts

100 503 250 585 perscripta
271 501 369 576 lituris,
402 501 453 562 sed
484 519 521 562 ex
541 503 642 564 natiso
669 495 756 564 sensu
776 503 848 564 recti
880 509 908 564 et
930 501 1043 563 venusti
1073 497 1238 566 delibatam,

50 633 53 643 Α
100 607 198 668 laiac
221 614 249 667 et
268 604 334 666 aliis
355 613 443 666 uates*
463 603 514 664 ille
536 613 645 666 tanum
669 603 796 666 distata
820 604 993 665 silvestrium
1017 613 1149 668 coetuum
1169 623 1238 668 oan-

100 710 215 783 tonius,
252 714 388 788 quantum
418 725 437 766 a
462 707 555 786 poetis
585 704 759 768 eruditarum
773 737 778 746 ·
793 701 970 784 ueterani).
1028 706 1102 782 Qua·
1125 705 1239 786 quidem

33 869 35 874 ,
100 811 211 872 teodone
245 797 465 880 existimatione⁴
481 791 560 869 uelut
590 827 644 870 suo
672 808 739 885 lcoo
770 810 928 890 repositus,
958 817 986 871 et
1011 809 1107 871 multis
1135 819 1238 873 exutus
1255 811 1290 866 43

101 911 311 992 impedimentis,
340 909 539 990 quibuscum
567 909 644 971 docti
673 910 741 972 olim
769 912 888 972 honoris
916 929 1007 973 cauma
1036 921 1239 990 oneraverant,

83 1004 144 1094 'qui
163 1016 295 1096 optimum
317 1019 464 1074 auctorem
486 1010 697 1092 pulcherrimae
716 1013 788 1075 artis
812 1013 923 1075 nollem
944 1013 1099 1095 quidquam
1115 1015 1238 1090 nescire,

103 1117 171 1196 quod
192 1135 245 1180 ouo
268 1118 397 1198 ipsorum
419 1131 492 1178 aeuo
515 1114 554 1176 ud
576 1113 682 1176 cultum
704 1115 807 1180 ardum
829 1126 858 1180 et
877 1118 1042 1180 munditiem
1057 1117 1149 1188 ciuilis
1162 1119 1240 1180 ritae

104 1217 260 1292 referretur,
299 1211 384 1304 apud
410 1235 522 1298 gnaros
551 1235 646 1279 rernm
679 1225 709 1278 et
739 1218 934 1299 intelligentes
967 1236 1043 1282 nouo
1075 1219 1181 1281 decore
1212 1227 1241 1282 et

102 1322 187 1398 gratia
207 1321 342 1384 eiilcruit.
559 1391 561 1394 ¹
599 1317 602 1325 '

164 1423 379 1503 ,termnum
397 1421 474 1503 apid
503 1439 619 1497 omnes,
653 1423 734 1484 aiunt
764 1423 871 1502 aliqui;
912 1429 940 1491 et
972 1421 1060 1483 iacile
1084 1405 1241 1484 credimus.
1273 1485 1276 1492 Δ

103 1521 220 1586 Nonium
240 1527 317 1587 eninr
330 1515 460 1606 prensus
474 1525 568 1585 eiecta
587 1531 614 1585 et
635 1525 758 1606 explosa
779 1533 824 1588 est
844 1541 942 1587 eorum
959 1505 1056 1598 ratio,
1074 1525 1125 1604 qui
1137 1525 1242 1587 llcmo-
1276 1595 1278 1600 ,

103 1645 156 1708 putu
181 1638 208 1691 et
229 1627 436 1692 Callimachum
465 1634 494 1688 et
517 1627 670 1706 Virgilium
698 1635 726 1689 et
749 1626 881 1697 Naurum
912 1634 940 1688 et
962 1626 1115 1690 Miltonum
1143 1629 1243 1692 eodem

105 1730 186 1793 ammo
211 1732 329 1812 legunt,
361 1747 429 1803 nec,
462 1728 531 1808 quid
566 1730 801 1811 uniuscuiusque·
829 1737 912 1802 aetas
951 1729 1043 1805 ierat,
1079 1721 1243 1812 expendere

105 1829 216 1910 legendo
251 1842 282 1896 et
318 1841 485 1914 computare
515 1832 661 1914 locarant.
718 1829 968 1893 Reimmaunorum
1002 1831 1116 1912 quidem
1147 1849 1242 1912 nugas

33 2007 35 2012 Δ
105 1933 187 1996 rident
213 1936 278 2009 isti,
317 1935 370 1996 sed
399 1935 485 1996 iidem
510 1935 672 2013 aegerrime
697 1933 812 2008 ferunt,
852 1923 939 2023 deum
957 1923 1115 2015 poctarum
1143 1936 1244 1998 rudem

106 2034 183 2100 icisse
204 2037 285 2100 credi
312 2037 342 2097 in
365 2037 437 2117 ipsis
461 2035 607 2127 elementis
631 2026 842 2109 doctrinarum,
873 2050 946 2116 quas
975 2039 1026 2117 qni
1052 2047 1152 2100 nostro
1173 2047 1244 2102 tem·

107 2157 168 2219 pore
198 2159 293 2224 prope
325 2145 454 2200 ,cunctae
476 2135 720 2218 complectuntur,
755 2137 863 2198 Iliadas
897 2147 992 2200 tamen
1024 2157 1156 2221 pangere
1185 2159 1244 2202 non

106 2241 208 2304 audent.
264 2242 401 2304 Tantone
430 2240 548 2318 ingenio
585 2248 617 2301 ut
653 2238 776 2321 denique
813 2257 876 2302 cum
899 2231 974 2322 'ipsis
1008 2243 1067 2306 illis
1099 2245 1244 2308 elementis

106 2343 253 2410 adimamus
276 2363 322 2420 aa,
637 2422 642 2431 .
1264 2333 1269 2342 ’

196 2449 281 2526 Quae
304 2463 380 2506 nunc
404 2445 536 2526 suspensi
560 2443 644 2524 pueri
667 2443 856 2507 instrumenta
875 2443 986 2510 lacerto
1072 2503 1075 2509 .

191 2552 293 2614 Ludos
316 2547 468 2610 incedunt!
816 2599 818 2602 .

107 2651 157 2714 Sed
175 2655 245 2716 nolo
260 2651 383 2713 irridere
405 2667 473 2724 eos,
498 2667 571 2729 quos
585 2647 729 2709 dedocere
745 2649 803 2710 lnoc
815 2649 882 2712 loco
899 2651 1024 2715 alienum
1040 2662 1084 2716 est
1104 2651 1132 2716 e't
1144 2675 1246 2738 param
1262 2661 1298 2716 44

107 2755 262 2818 modestum:
313 2751 386 2815 Nam
403 2759 474 2813 ,sunt
500 2753 531 2812 in
557 2750 745 2812 denomines
770 2749 881 2813 Graece
901 2753 1062 2838 Latineque
1081 2758 1247 2822 doctissimi.

157 3051 185 3118 9)
203 3047 293 3118 ipsum
311 3043 363 3098 lnoc
377 3057 472 3096 nomeu
491 3046 604 3108 politae,
622 3041 743 3110 ignotum
762 3037 825 3092 clim
838 3035 966 3106 ἀοιδοῖς,
986 3045 1038 3098 tim
1056 3043 1137 3100 hahet
1151 3067 1248 3117 opero-

199 3135 284 3186 sioris
300 3131 412 3182 loboris.
456 3125 494 3180 lle
520 3127 627 3193 vulgari
650 3139 700 3196 usu
720 3124 835 3176 notuiois
861 3125 975 3180 libenter
1001 3133 1144 3199 accipimus
1170 3142 1248 3188 uota-

200 3221 302 3272 tionom
324 3213 444 3268 Platonis
464 3209 584 3279 Sprnpos.
607 3225 632 3277 p.
652 3201 712 3262 205.
736 3205 765 3258 C.
786 3205 893 3276 scepta,
920 3212 1026 3282 nutritum
1044 3215 1249 3281 praeferendam

201 3303 263 3364 illi,
285 3315 317 3353 ex
337 3311 389 3366 (pua
409 3309 493 3363 nuper
513 3291 686 3360 Francogalli
706 3289 812 3360 quidam
830 3296 953 3366 poeticae
969 3303 1090 3350 naturam
1109 3299 1250 3354 docebunt·

203 3385 371 3443 Vocabulum
386 3396 451 3434 uero
462 3380 605 3448 posterius
619 3374 722 3428 videtur
737 3375 797 3442 ipso
815 3374 949 3442 llesiodo,
968 3395 1017 3442 neo
1032 3389 1094 3436 ante
1105 3391 1249 3454 receptum,

182 3457 287 3545 ,quam
306 3469 407 3532 musica
429 3463 463 3517 ab
490 3467 549 3518 erte
578 3459 714 3532 pangendi
738 3461 863 3515 carminis
891 3463 972 3534 vulgo
997 3465 1088 3522 diuelli
1108 3473 1251 3540 coepisset.

205 3559 266 3620 Qua
283 3557 316 3609 ‹le
337 3568 366 3606 re
389 3550 455 3602 alibi
474 3562 614 3620 quaerant,
653 3545 707 3602 Sed
726 3544 869 3624 Hesiodum
889 3553 967 3618 quum
986 3549 1063 3618 dico,
1090 3570 1167 3610 omno
1180 3556 1252 3611 illud

205 3650 310 3710 ternpus
331 3634 470 3704 intelligo,
493 3635 521 3685 iu
540 3630 611 3703 quod
629 3630 822 3686 lloeiodeorum
838 3647 906 3704 quae
924 3650 993 3690 nuno
1007 3637 1130 3694 ierurrtur
1142 3657 1252 3712 operum

208 3725 342 3780 conlectio
361 3719 464 3772 incidit.
502 3715 563 3770 Nou
580 3721 626 3772 ani
645 3721 714 3773 euim
727 3718 776 3771 iila
789 3716 931 3786 tribuenda
946 3723 1006 3775 esse
1018 3729 1107 3792 patet;
1131 3733 1157 3780 et
1171 3729 1252 3780 molto

208 3812 287 3885 plura
304 3809 412 3861 nomine
437 3807 495 3863 eius
516 3801 672 3858 forabantur
689 3801 759 3872 apud
779 3808 892 3858 veteres.
927 3804 958 3858 lo
980 3803 1100 3879 Ἔργοις
1120 3809 1173 3862 loci
1193 3811 1255 3862 saut

208 3895 284 3948 multi
312 3897 389 3960 πίνῳ
413 3889 583 3946 mactandae
609 3889 750 3942 vetustatis
777 3885 887 3961 sigtrati.
930 3888 1091 3960 Theogonia
1115 3897 1204 3947 auiam
1228 3897 1255 3947 et

209 3972 317 4033 Soutur'm
337 3977 415 4031 lietu
441 3980 467 4028 et
492 3977 606 4036 maxima
627 3987 694 4044 «pars
718 3987 826 4035 eorum,
852 3989 962 4042 quorum
986 3976 1080 4030 brevia
1105 3978 1255 4046 fragmenta

210 4070 371 4134 supersunt,
400 4061 540 4115 llonrerum
558 4067 616 4114 toto
639 4065 711 4114 certe
732 4057 841 4112 saeculo
862 4058 1067 4128 subsequuntur.
1110 4060 1193 4117 Huius
1215 4065 1255 4117 rei

211 4155 369 4220 argumento
388 4153 446 4212 est,
472 4145 544 4216 quod
569 4148 597 4198 iu
614 4147 648 4198 iis
667 4143 757 4212 plures
775 4146 898 4197 notiones
918 4159 1003 4199 nouae
1021 4151 1126 4201 euswnt
1152 4154 1179 4202 et
1197 4151 1255 4201 imi-

212 4237 329 4288 tationes
351 4235 470 4288 locorum
490 4230 707 4291 llomericorum‚
731 4230 757 4281 in
779 4231 871 4296 primis
892 4235 1024 4285 terrarum
1049 4237 1076 4286 ot
1099 4234 1257 4304 populorum

212 4321 317 4374 auctior
336 4325 362 4372 ot
381 4317 540 4387 explicatior
558 4318 662 4370 notitia.
