2976 4900
24 1098 31 1280 l

23 1290 27 1338 3

23 1339 31 1424 l

24 1447 28 1496 l

23 1512 27 1598 i

23 1628 27 1687 l

23 1695 25 1714 Ι

23 1725 27 1788 l

22 1799 26 1930 i

19 2865 24 3065 l

182 521 232 575 153

247 315 290 381 92

652 307 1013 379 PRO'LEGOMENA

352 501 411 564 Sed
437 502 551 564 omnino
580 500 695 562 dubium
729 518 792 561 esse
829 502 968 575 arbitror,
1008 521 1074 562 nrum
1109 502 1165 582 ipsi
1201 511 1313 565 veteres
1345 507 1403 566 runi

248 605 401 690 Pisistrato
423 604 574 666 tribuerint
595 603 743 681 negotium
763 601 853 677 illud,
878 622 932 678 an,
954 613 986 665 nt
1002 611 1097 686 'saepe
1114 604 1239 679 faciunt,
1269 606 1307 668 ad
1329 625 1403 669 eum

248 717 395 771 auctorem
418 707 584 781 retulerint,
613 704 837 786 quandonam
866 705 928 766 eius
956 716 984 770 et
1009 708 1180 770 auctoritate
1204 708 1312 770 factum
1346 711 1402 774 sit.

247 812 414 892 Hipparcho
436 808 565 889 quidem,
594 808 738 869 Pisistrati
763 807 823 869 filio
851 816 923 868 natu
949 809 1053 872 minori
1082 818 1117 870 etv
1137 809 1168 869 in
1192 809 1244 870 illa
1270 812 1400 873 Athenis

248 903 438 975 saluberrima
464 911 616 991 tyrannide
644 929 707 973 oum
733 913 824 973 tratre
855 913 1033 986 successori,
1063 931 1082 972 a
1109 911 1252 991 scriptore
1278 912 1400 992 dialogi

247 1016 406 1090 Platonici,
430 1012 482 1095 qui
499 1005 703 1074 nomen'itiius
725 1034 779 1098 pro
799 1014 882 1077 titolo
905 1015 1007 1088 habet,
1029 1020 1087 1073 tam
1108 1013 1397 1095 magnilicaepartes

247 1119 435 1196 assignantur
454 1118 484 1177 in
506 1115 681 1178 celebrando
702 1117 842 1192 llomcro,
874 1125 904 1178 nt
923 1113 1035 1198 patrem
1056 1114 1210 1177 inlabere
1234 1117 1398 1197 colligendi

247 1227 276 1280 et
304 1219 475 1300 drsponendi
510 1217 558 1280 rel
591 1219 622 1279 in
650 1219 750 1300 primis
789 1219 950 1293 adiuvisse,
984 1216 1033 1280 uel
1066 1215 1214 1278 consilium
1241 1227 1397 1299 paternum

247 1328 401 1384 exsecutus
426 1339 507 1394 csse,
536 1329 624 1400 atque
652 1322 682 1383 id
710 1339 772 1382 eum
800 1321 960 1383 amantibus
989 1320 1148 1381 litterarum
1169 1321 1398 1385 communicasse

180 1431 231 1487 154
247 1423 341 1486 videri
360 1425 454 1505 possit
468 1418 519 1500 15).
564 1423 637 1484 Nam
667 1423 745 1503 qrrod
769 1424 794 1485 is
817 1423 993 1504 potissimum
1014 1421 1267 1484 llomerum'noio
1289 1423 1396 1486 ordine

246 1543 265 1586 a
292 1526 446 1608 rhapsodis
480 1525 630 1611 decantari
652 1524 865 1589 Panathenacis
903 1518 1393 1608 quinquennalibus·iusserat1⁶),

347 1774 376 1824 in
395 1778 553 1842 potestatem
575 1776 651 1830 vorbi
671 1742 931 1843 autoramentum,
958 1783 987 1831 ut
1010 1767 1038 1830 in
1063 1773 1182 1830 Sceniois
1210 1793 1294 1847 prope
1317 1778 1388 1833 idem

284 1859 286 1866 “
349 1861 421 1908 esset
441 1858 511 1927 quod
531 1857 751 1926 ἀναδιδάσκειν,
776 1860 801 1913 ln.
822 1877 844 1914 e.
864 1865 977 1928 repetito
997 1863 1157 1914 conamittere
1183 1861 1315 1928 sobolom,
1338 1869 1389 1918 sed

347 1943 486 2008 oscitando,
515 1947 651 2010 addendo,
679 1947 842 1998 detrahendo
870 1947 1048 2008 emendorum,
1072 1945 1192 2008 relictum
1218 1956 1243 1999 ct
1266 1951 1390 2002 secumdia

349 2029 421 2081 curis
439 2015 621 2086 elaboratam(
647 2030 677 2084 ld
695 2031 765 2082 enim
790 2030 880 2084 lacere
900 2030 1024 2084 solebant
1043 2030 1085 2083 illi
1104 2036 1202 2100 podiae
1222 2035 1388 2102 saepissime,

346 2127 406 2172 mou
425 2115 503 2168 etiam
525 2117 589 2180 alii,
618 2122 647 2170 ut
663 2115 822 2184 apollonius
843 2113 928 2168 Rhod.
972 2113 1065 2186 Neque
1085 2117 1165 2170 aliter
1184 2115 1261 2170 Plato
1280 2118 1343 2172 lecit
1361 2122 1389 2172 iu

347 2201 454 2264 optimis
467 2198 585 2270 dialogis
604 2203 676 2265 suis;
701 2213 777 2268 quam
798 2199 831 2253 ob
846 2211 951 2252 causam
966 2202 1106 2268 exquirere
1120 2201 1262 2266 nonlicet,
1280 2201 1388 2272 quando

347 2284 460 2350 quisque
482 2287 645 2352 compositus
663 2287 713 2344 sit,
740 2300 817 2353 quum
837 2286 864 2336 in
882 2285 1000 2342 scenicis,
1022 2283 1120 2337 tabulis
1142 2285 1237 2340 saltem
1260 2301 1292 2340 ex
1310 2287 1387 2341 dida-

347 2364 439 2417 scaliis
455 2364 611 2436 plerumque
638 2372 727 2420 notum
753 2370 789 2420 sit
805 2373 925 2436 tempus,
952 2381 1004 2434 quo
1031 2366 1118 2420 editae
1143 2375 1214 2425 sunt.
1256 2369 1295 2424 De
1321 2374 1388 2440 ipsis

346 2452 430 2518 igitur
444 2450 600 2504 auctoribus
618 2451 681 2505 libri
697 2453 823 2504 usitatum
844 2451 1023 2527 catarrhum,
1043 2455 1100 2506 sive
1119 2453 1152 2506 dc
1170 2455 1221 2519 ils,
1238 2457 1283 2525 qui
1299 2455 1386 2509 limam

347 2533 443 2587 alienis
462 2533 539 2587 libris
558 2532 737 2601 adhibebant,
757 2552 811 2589 non
829 2536 864 2590 dc
886 2535 992 2591 criticis
1012 2539 1190 2606 posteriorum
1210 2540 1386 2594 saeculorum.

280 2623 325 2688 15)
344 2617 429 2672 Notus
449 2618 523 2673 locus
540 2626 581 2673 est
599 2636 623 2688 p.
643 2625 702 2676 228.
721 2620 751 2673 Β.
773 2621 806 2673 de
824 2619 995 2691 Hipparcho:
1034 2619 1065 2681 ὃς
1093 2619 1162 2674 tito
1178 2641 1208 2675 τε
1226 2619 1320 2676 πολλὰ
1339 2629 1387 2677 καὶ

347 2701 418 2756 καλὰ
439 2703 507 2774 ἔργα
528 2708 635 2776 σοφίας
654 2703 838 2770 ἀπεδείξατο,
859 2709 906 2758 καὶ
925 2704 959 2759 τὰ
975 2703 1098 2786 Ὀμήρου
1116 2710 1231 2782 πρῶτος
1251 2705 1387 2780 ἐκόμισεν

292 2837 296 2846 .
348 2795 388 2850 εἰς
405 2787 455 2856 τὴν
471 2795 525 2860 γῆν
543 2794 671 2855 ταυτηνί,
692 2793 739 2844 καὶ
756 2787 899 2867 ἠνάγκασε
918 2789 983 2851 τοὺς
997 2789 1153 2866 ῥαψῳδοὺς
1168 2796 1387 2859 Παναθηναίοις

348 2875 377 2934 ἐξ
398 2870 570 2942 ὑπολήψεως
589 2874 688 2944 ἐφεξῆς
707 2872 778 2927 αὐτὰ
798 2873 915 2938 διϊέναι,
934 2873 1025 2950 ὥςπερ
1038 2883 1090 2933 νῦν
1108 2878 1148 2930 tu
1162 2875 1223 2928 οἵδε
1238 2883 1385 2935 ποιοῦσιν.

345 2955 375 3010 ln
400 2971 452 3026 quo
477 2961 620 3028 permirum
650 2965 707 3024 est,
733 2974 766 3012 ea
784 2962 843 3027 ipsa
872 2962 1028 3031 simpliciter
1054 2963 1137 3016 tribui
1156 2960 1227 3026 lilio,
1257 2977 1326 3032 quae
1350 2965 1385 3018 ab
1439 2976 1449 2984 '

346 3041 408 3096 aliis
433 3045 505 3110 patri
533 3041 687 3096 tribuuntur
721 3047 747 3094 et
771 3041 874 3094 Soloni.
925 3044 1081 3118 Quanquam
1112 3046 1178 3100 baec
1204 3046 1388 3117 discrepantia

348 3130 435 3181 maior
455 3133 497 3182 est
515 3129 604 3196 specie
624 3143 703 3204 quam
728 3143 772 3191 re,
804 3131 827 3180 si
852 3135 971 3185 nostram
996 3135 1153 3196 sententiam
1178 3146 1308 3202 sequare,
1333 3135 1385 3200 vel,

346 3229 415 3284 quaa
441 3230 526 3284 prope
552 3211 643 3266 eadem
672 3218 729 3275 est,
751 3209 940 3266 Kasterianam
966 3232 991 3284 p.
1019 3223 1090 3280 101„
1121 3223 1147 3270 et
1170 3218 1246 3270 simul
1271 3221 1386 3290 cogites,

345 3299 412 3354 illud
433 3299 485 3353 dici
512 3302 539 3351 in
556 3299 674 3366 scripto,
701 3296 772 3366 quod
799 3297 833 3350 ad
851 3297 955 3351 laudem
976 3297 1121 3368 Hipparchi
1144 3305 1318 3372 compositum
1337 3312 1386 3360 esi.

345 3380 467 3437 Ceterum
477 3381 554 3436 liuns
572 3381 708 3452 dialogum
727 3399 781 3436 non
793 3386 937 3452 genuinum
950 3371 1010 3436 esse
1022 3381 1161 3452 Platonis,
1182 3387 1230 3441 sed
1247 3389 1281 3443 ab
1294 3388 1385 3445 Attico

346 3469 474 3534 scriptum
499 3470 577 3520 istius
604 3467 737 3531 lamiliae,
766 3481 835 3536 quaa
862 3470 942 3522 etiam
968 3467 1129 3523 Oratoribus
1147 3476 1189 3523 iot
1203 3470 1386 3544 prircipum

345 3547 476 3616 subiecit,
505 3550 638 3604 dubitatio
657 3554 757 3604 veteris
781 3551 875 3606 critici
901 3551 971 3622 apud
995 3548 1134 3606 helianum
1152 3551 1226 3619 Vlll,
1252 3563 1278 3610 2.
1297 3557 1384 3624 (coni.

234 3695 237 3702 ¹
344 3647 426 3700 supra
442 3649 467 3702 p.
486 3633 598 3703 XLlll.)
615 3642 642 3689 ot
659 3635 833 3690 Valckenarii
853 3651 979 3693 assensus
1004 3637 1031 3689 in
1057 3635 1195 3691 Herodoto
1219 3639 1333 3696 llassel.
1357 3659 1384 3713 p.

343 3720 403 3774 398.
421 3715 486 3770 mihi
512 3720 592 3788 plane
610 3723 753 3789 persuasit.
796 3720 871 3782 Quae
897 3726 1052 3777 conlectura
1074 3723 1099 3775 si
1122 3724 1189 3777 viris
1217 3724 1387 3782 doctioribus

342 3800 517 3872 probabitur,
536 3803 697 3877 (eademque
716 3807 863 3876 aliquando
882 3813 909 3860 et
925 3807 995 3860 alios
1013 3805 1140 3876 quosdam
1161 3812 1278 3865 minores
1296 3812 1387 3874 dialo-,

342 3903 394 3957 gos
414 3887 522 3943 Platoni
539 3892 651 3959 eripiet,
671 3897 697 3945 et
716 3892 749 3946 ad
765 3891 941 3946 Demodocum
963 3897 990 3946 et
1003 3889 1143 3962 Sisyphum
1158 3897 1291 3965 reiiciet,)
1306 3914 1388 3952 namo

341 3974 498 4038 mirabitur,
524 3989 571 4027 cur
589 3973 768 4045 llipparohunr
792 3993 846 4030 non
864 3991 921 4030 euru
939 3974 1061 4030 bleursio
1072 3981 1207 4034 'maiorem
1220 3986 1286 4034 natu
1304 3995 1387 4053 quam

341 4055 463 4127 llippiam
482 4060 687 4129 appellaverim,
706 4065 790 4116 vietus
808 4063 972 4132 gravissima
991 4065 1152 4117 auctoritato
1172 4063 1339 4136 Thucydidis
1357 4074 1387 4122 et

341 4141 535 4210 quodammodo
553 4148 632 4200 etiam
651 4146 789 4203 llcrodoti.

278 4223 322 4292 ts)
343 4223 458 4297 Lycurgi
478 4230 504 4282 in
526 4228 664 4299 Leaen-p.
684 4237 743 4288 too.
764 4228 855 4286 lleislt.
885 4227 965 4285 odra
984 4221 1127 4301 ὑπέλαβον
1147 4231 1229 4307 ὑμῶν
1248 4234 1277 4286 οἱ
1295 4235 1390 4286 πατέ-

343 4327 388 4381 ρες
411 4314 573 4370 σπουδαῖον
594 4314 665 4371 εἶναι
684 4313 820 4383 ποιητήν,
839 4313 907 4378 uisas
926 4315 1020 4390 νόμον
1041 4319 1159 4388 ἔθεντο,
1179 4319 1243 4373 καθ’
1260 4315 1391 4386 ἑκάστην
