2944 4900
246 837 365 994 st.
450 898 898 1036 orerecurrunt.

663 1221 687 1299 l.

102 1341 230 1474 Duplex
258 1389 415 1473 inprimis
443 1408 537 1470 genus
565 1402 609 1460 est
642 1395 865 1469 mandationis,
903 1397 983 1476 quod
1011 1397 1097 1463 libris
1123 1407 1251 1466 umerum

103 1495 247 1558 admoueri
270 1496 299 1555 et
322 1501 418 1576 potest
439 1501 467 1555 et
486 1493 575 1570 solet,
598 1503 629 1568 unt
653 1515 671 1556 a
694 1497 771 1558 uitiis
793 1506 822 1559 et
844 1498 978 1573 maculis,
1003 1517 1076 1580 quas
1100 1502 1252 1585 exlongo

101 1597 335 1680 peregrinatione
355 1597 386 1658 in
407 1597 573 1660 barbariem
594 1599 692 1662 ramas
716 1599 915 1681 plurimusque
934 1609 1102 1677 traxerunt,
1125 1603 1251 1681 liberati,

100 1703 217 1784 propius
244 1699 284 1761 ud
311 1698 458 1777 antimum
490 1704 518 1759 et
543 1716 624 1762 suam
648 1699 769 1765 formum
796 1711 977 1766 reuocentur.
1026 1703 1157 1766 Alterum
1184 1706 1251 1788 plus

101 1805 207 1884 negotii
229 1810 275 1877 et,
302 1816 396 1884 poene
417 1798 552 1874 dixerim,
581 1797 737 1864 commuue
760 1803 864 1879 baben
899 1805 1021 1867 alterurn
1048 1806 1116 1887 plus
1138 1808 1251 1871 otiosae

101 1905 313 1982 delectationis:
348 1911 515 1982 utrumqne,
539 1910 618 1964 recte
641 1904 667 1964 si
690 1904 856 1980 adhibetur,
885 1906 955 1968 utile
980 1891 1040 1977 estc
1076 1915 1107 1970 at
1128 1908 1251 1972 alterurn

100 2007 211 2073 utilius.
249 2005 325 2070 Nam
346 2005 398 2085 qui
414 2005 533 2086 ¹optimis
556 2003 693 2068 subsidiis
720 2006 769 2068 uel
790 2007 903 2070 minime
924 2007 1097 2085 instructus,
1128 2014 1252 2094 scripto-

99 2127 157 2172 rem
177 2109 265 2172 uobis
288 2107 510 2171 emendatiorem
533 2105 643 2182 reddit,
667 2107 728 2168 siue
755 2107 875 2188 ingenio
905 2126 977 2183 suo,
1006 2110 1070 2172 siue
1092 2130 1251 2192 pancorum

99 2211 329 2285 bbrorum··usu;
361 2210 491 2291 quumvis
512 2208 703 2286 uix'triginta
722 2225 831 2272 naeuos
851 2209 1014 2284 sustulerit,
1035 2219 1148 2277 centum
1161 2215 1251 2278 reliu-

100 2323 182 2395 pnat,
204 2331 269 2374 eum
290 2321 385 2378 tamen
407 2327 490 2374 nemo
514 2311 550 2373 de
572 2309 657 2374 bonis
674 2309 777 2373 litteris
798 2311 873 2373 berre
888 2313 993 2374 mereri
1007 2324 1103 2393 neget
1147 2317 1251 2400 ltaque

99 2435 142 2478 ros
170 2416 237 2478 fieri
255 2415 376 2483 ¹solebat
396 2421 454 2476 tum
481 2414 618 2488 mamone,
645 2433 732 2494 quum
755 2413 823 2476 libri
852 2413 965 2476 calamo
993 2417 1094 2498 scripti
1122 2437 1180 2482 non
1209 2422 1252 2484 ita

98 2519 207 2600 pridem
229 2517 320 2600 prelis
341 2517 446 2578 subiici
466 2516 644 2598 coepissent,
674 2517 761 2597 inque
792 2515 854 2576 dies
882 2535 992 2578 summa
1018 2527 1159 2581 nouorum
1182 2525 1251 2584 sub-

98 2621 236 2686 sidiorum
265 2620 444 2700 exspectatio
474 2626 559 2680 esset.
616 2615 709 2693 Quem
740 2634 848 2680 morem
881 2626 985 2698 postea
1018 2621 1152 2704 plerique
1184 2633 1253 2688 sunt

98 2725 196 2787 imilcti
224 2721 414 2792 adnostrom
433 2728 573 2791 aetatem,
604 2719 690 2780 etiam
715 2719 743 2778 in
772 2717 808 2800 iis
834 2719 1040 2797 scriptoribus,
1070 2726 1121 2803 qni
1149 2725 1252 2788 critica

98 2828 218 2889 materia
241 2832 273 2888 et
292 2826 369 2886 omui
391 2842 506 2904 genere,
522 2821 749 2886 adiumentorum
772 2819 961 2884 abundarent.
1004 2821 1141 2896 Nimirum
1162 2827 1249 2907 pauci
1266 2842 1286 2898 4

84 2948 237 3008 ‚nurerum
255 2929 456 3016 recensionem
470 2934 604 2991 auctores
625 2926 668 2986 ita
680 2932 789 3003 agunt,
808 2932 859 2986 aut
878 2943 941 2986 eam
958 2923 1070 2988 laboris
1082 2927 1250 3010 potientium

98 3032 237 3107 aderunt,
257 3040 289 3093 nt
313 3049 350 3094 ex
370 3031 443 3094 locis
468 3030 538 3091 sutis
558 3044 648 3108 saepe
662 3025 818 3088 reconditis
841 3035 870 3087 et
890 3027 1061 3108 disparatis,
1085 3029 1115 3088 in
1135 3027 1250 3110 primis·
1289 3088 1291 3093 .

99 3154 152 3226 pue
182 3154 223 3198 ex
250 3135 395 3198 celeribus
424 3129 653 3214 exemplaribus,
685 3145 794 3190 emnem
822 3129 990 3191 varietatem
1019 3129 1152 3191 lectionis
1180 3147 1251 3194 oon-

98 3235 230 3313 trahunt,
257 3256 316 3317 qun
336 3235 439 3298 deinde
462 3252 526 3298 oum
546 3230 672 3309 vulgatis
698 3238 881 3310 comparata,
912 3237 1089 3290 constantem
1113 3230 1251 3291 ernenda-

97 3341 201 3403 tionem
223 3339 450 3423 aggrediuntur,
485 3337 573 3400 Immo
597 3331 840 3392 consistunt-rere
861 3338 920 3391 tum
941 3329 1067 3402 demum,
1089 3329 1141 3389 ubi
1160 3329 1251 3410 impe-

98 3441 184 3507 ditior
206 3428 310 3506 sensns
334 3441 382 3506 ccl
410 3443 476 3522 ipse
497 3423 595 3520 specie
613 3431 793 3496 manifestum
821 3433 918 3496 nidum
947 3431 1096 3496 obiicitur:
1132 3430 1249 3494 iamed

97 3537 356 3608 ramas'lectiones
384 3552 434 3606 ont
461 3543 500 3605 ad
522 3549 603 3606 uetus
626 3537 774 3620 exemplar
796 3537 982 3616 confugiunt,
1011 3533 1102 3596 surda
1123 3534 1251 3615 plerum-v

98 3667 152 3729 que
175 3648 312 3722 oracula,
340 3647 397 3708 uisi
417 3652 584 3710 constanter
607 3641 832 3706 consulentibus.
876 3641 979 3722 Neque
998 3639 1116 3700 multum
1134 3637 1251 3700 diuersa

96 3751 172 3812 ratio
187 3759 231 3812 est
243 3767 357 3826 eornm,
379 3751 444 3831 qui,
468 3745 650 3830 quantumuis
664 3744 806 3808 interdum
821 3743 898 3808 docti
914 3762 949 3808 ac
963 3741 1117 3816 sollertes,
1139 3757 1250 3802 omnem

96 3852 324 3915 emendationem
346 3871 384 3916 ex
406 3853 520 3934 aliquot
538 3851 680 3914 librorum
694 3845 786 3910 MSS.
801 3846 858 3910 lide
873 3863 1043 3929 suspensam
1064 3841 1250 3916 essevolunt,

96 3966 148 4020 aut
172 3959 223 4038 qni
252 3965 348 4032 tenta,
370 3974 452 4043 ‘qnae
474 3961 631 4028 uocantur,
661 3950 749 4033 plane
779 3949 867 4012 edunt
893 3949 931 4011 od
960 3947 1046 4009 unius
1075 3942 1251 4023 exemplum

95 4060 178 4123 uelut
195 4059 245 4122 isti
266 4060 382 4122 tandem
401 4059 470 4122 libri
493 4058 530 4120 ad
550 4053 701 4135 scriptoris
722 4051 845 4114 calmem
866 4051 935 4112 latis
958 4045 1093 4136 destinati
1112 4051 1218 4108 essent

201 4165 249 4228 Ab
270 4164 327 4226 hoc
348 4163 460 4226 tenore
482 4169 512 4222 et
532 4158 616 4240 quasi
639 4153 798 4217 desultoria
811 4170 921 4236 genere
941 4149 1094 4232 plurimum
1108 4147 1254 4234 discrepat

95 4265 193 4340 iusta,
219 4273 365 4350 perpetua
388 4264 524 4332 etsscertis
545 4262 617 4328 artis
639 4257 757 4338 legibue
773 4258 845 4320 nixa
868 4252 1011 4318 recensio.
1055 4249 1090 4312 ln
1111 4249 1164 4313 illo
1183 4245 1255 4310 nibil

141 4383 226 4428 Wolf.
246 4383 339 4433 Proles.
1027 4350 1045 4415 1
