2944 4900
202 321 244 388 to
588 321 951 388 ruonncoottettn.

199 508 366 592 proletariis
393 505 541 574 codicilttta
570 511 641 574 tuit.
689 512 730 575 At
747 509 813 585 tlte,
835 512 895 592 'qni
922 512 953 574 in
974 509 1100 574 Homero
1131 511 1201 576 niluil
1230 525 1350 596 praeter

199 611 350 694 pulchrum
369 618 485 692 pultem
504 612 676 688 minuimur,
696 614 858 706 priscorum
878 614 940 676 eius
954 613 1078 678 latorum
1092 615 1184 676 minua
1205 616 1348 692 curiosus,

199 722 228 778 et
248 714 409 776 rltetoricoa
431 715 528 796 uotiua
558 733 644 796 quam
666 717 782 780 cnidooa
806 717 977 798 interpretes
997 724 1139 792 sectatus,
1169 719 1284 784 omnino
1310 721 1347 782 alt
1461 769 1462 788 r

198 818 254 880 lttc
274 823 358 899 perte
378 833 437 880 non
457 825 720 900 renumerante
739 817 829 898 uulgo
849 819 969 893 fruitur,
994 818 1110 882 laudent
1135 821 1254 894 meruit,
1282 821 1349 903 plu·

73 969 81 976 .
198 921 298 982 rimam
319 920 405 983 dotet
424 921 554 984 iacturae
572 921 731 985 doctiorum
751 920 944 983 scholiorum.
985 963 990 972 ·
1019 981 1021 988 ,
1050 975 1053 982 .
1461 963 1462 982 u

298 1021 448 1086 Poitreruo
467 1021 554 1087 retuli
575 1043 619 1088 nne
640 1024 678 1089 ad
700 1024 946 1104 cognoscendum,
975 1022 1114 1104 quidquid
1135 1024 1232 1086 bonae
1252 1024 1347 1104 frugis
1455 1027 1460 1040 “

197 1125 318 1189 allatuin
342 1135 419 1190 earet
443 1143 481 1190 ex
502 1144 589 1189 manu
613 1127 728 1209 tenutis
753 1126 982 1208 exemplaribus,
1012 1143 1168 1208 curamque
1195 1127 1348 1192 conferen-

197 1229 298 1293 darum
316 1231 473 1313 primarum
494 1229 665 1305 editionum,
694 1231 849 1294 institutam
870 1232 909 1292 ab
930 1231 1081 1306 Ernestio,
1108 1247 1199 1310 usque
1220 1229 1260 1292 ad
1280 1229 1347 1292 Ste-

195 1334 369 1415 planiciem
397 1339 566 1415 persecutus
594 1348 673 1415 amn3
719 1332 809 1410 louge
843 1332 957 1412 quidem
986 1333 1096 1399 minore
1131 1333 1227 1394 lrnetu
1260 1351 1347 1413 quam

163 1429 167 1440 ⁴
195 1435 309 1498 lahore-
353 1435 471 1498 Paucae
499 1435 573 1497 enim
598 1435 643 1496 luia
663 1433 748 1496 editio
773 1433 856 1495 libris
874 1435 1014 1517 proptiae
1040 1442 1106 1496 aaut
1124 1434 1283 1509 lectionea3
1318 1443 1347 1498 et

197 1555 274 1619 quae
295 1539 325 1600 in
344 1555 381 1600 eo
402 1553 521 1600 numero
542 1538 639 1600 bonae
661 1543 727 1600 tuat
748 1543 778 1598 et
798 1543 878 1598 textu
899 1538 1020 1617 dignae,
1044 1555 1142 1600 earnm
1162 1535 1260 1616 quood
1279 1537 1346 1600 lon·
1461 1563 1462 1608 u

196 1648 239 1702 tet
258 1641 446 1720 ignoramus,
475 1656 534 1702 aon
557 1640 598 1702 ita
619 1639 720 1718 maria
741 1640 899 1702 auctoritas
921 1657 986 1702 eaae
1006 1647 1118 1721 pateam
1155 1657 1241 1718 quum
1264 1637 1346 1700 cudi·

196 1761 244 1806 cea
266 1741 397 1824 quitiam,
420 1743 578 1824 praecipue
598 1742 725 1807 Venetus
745 1741 811 1816 ille,
838 1751 957 1824 propter
977 1740 1141 1808 testimonia
1161 1739 1347 1810 scholiorum

194 1845 364 1927 pleramque
387 1845 472 1907 etiam
494 1845 535 1906 ilti
558 1852 724 1908 mereantur
743 1845 844 1921 idem,
865 1846 916 1908 ulti
935 1853 1096 1912 ceterorum
1115 1842 1346 1908 liltrorum'oou·
1461 1869 1462 1950 u

195 1965 298 2011 sensns
319 1965 378 2010 nou
400 1945 527 2009 accedit*
570 1945 689 2023 Quoia
715 1965 751 2010 re
772 1965 862 2030 saepe
888 1947 956 2010 milti
986 1965 1041 2008 nau
1070 1946 1163 2020 uenit,
1191 1954 1224 2008 ut
1251 1941 1345 2026 lungo
1461 1955 1462 2038 ξ

194 2051 316 2114 circuitu
336 2048 516 2133 peruenirent
542 2048 580 2111 ad
611 2065 661 2112 eea
687 2050 896 2124 correctiones,
923 2067 997 2129 quaa
1019 2049 1115 2111 eximii
1139 2047 1209 2110 lihri
1234 2049 1344 2130 numus
1461 2063 1462 2110 l

194 2153 348 2235 adspectus
371 2153 482 2215 trustra
500 2151 655 2215 numum.
710 2151 783 2214 llam
810 2169 887 2232 quae
908 2167 1016 2229 magna
1041 2158 1086 2212 eat
1112 2149 1196 2212 huius
1222 2149 1279 2214 mei
1307 2169 1344 2214 ac
1461 2191 1462 2236 3

192 2253 294 2318 Veneti
316 2261 412 2316 textna
433 2254 731 2328 convenientiam
752 2261 856 2335 opunte
879 2261 975 2317 naman
995 2245 1100 2327 haltai,
1117 2271 1181 2316 ¹non
1201 2255 1344 2334 quaesiui.

149 2409 153 2416 .
193 2353 336 2430 Quoniam
360 2355 436 2417 enim
457 2373 503 2418 nne
525 2361 692 2418 mmanur
717 2355 756 2419 ad
783 2355 868 2419 idem
886 2364 1010 2420 testatae
1036 2357 1213 2438 antiquitatis
1241 2366 1344 2420 contu·
1461 2399 1462 2440 u

191 2457 300 2533 leram,
328 2457 400 2520 niiil
421 2456 550 2520 tritonem
570 2457 688 2538 uulgari
707 2457 835 2531 lenitati,
863 2477 941 2539 quae
961 2460 1028 2522 dum
1050 2461 1211 2542 scripturae
1230 2460 1342 2524 verita-
1461 2453 1462 2542 f

190 2570 247 2622 tent
269 2559 418 2640 elegantia
439 2559 487 2622 rel
506 2558 593 2622 simili
612 2560 711 2642 specie
729 2551 857 2636 metitum,
885 2580 962 2625 nora
984 2570 1013 2624 et
1033 2563 1156 2661 anduno
1172 2563 1238 2642 lere
1253 2563 1341 2628 nullo
1461 2577 1462 2630 l

191 2661 355 2725 discrimine
374 2663 492 2745 arripit3
528 2663 614 2726 etiarn
633 2663 778 2752 principes
802 2664 944 2727 editiones
971 2682 1113 2746 perraro,
1140 2672 1168 2726 et
1188 2681 1225 2725 ne
1243 2664 1341 2727 Vene-

138 2781 172 2836 19
190 2773 248 2828 tum
267 2765 382 2847 quddam
403 2767 532 2830 codicem
551 2783 645 2847 neque
663 2765 843 2830 Euatatliurn
864 2769 921 2830 niai
935 2767 1119 2831 delentibus
1140 2767 1201 2830 suia
1221 2785 1342 2830 monen-

187 2875 247 2942 tea,
278 2869 438 2932 audkndoa
462 2887 528 2932 eoae
546 2867 628 2931 duxi.
672 2869 775 2950 ltaque
800 2871 827 2932 ei
844 2871 875 2931 in
896 2872 981 2933 lnuius
1000 2871 1197 2935 rerboaiaaimi
1215 2871 1341 2934 hominia

186 2968 378 3032 rotaniuituu
400 2969 473 3032 attii
494 2971 576 3034 aliud
598 2985 684 3052 qnam
701 2971 846 3033 radentes
865 2971 1005 3036 lectiones
1028 2975 1222 3054 quaatsaem,
1250 2993 1345 3054 quum

185 3089 222 3133 ex
250 3072 303 3145 iia,
334 3089 410 3152 quae
437 3073 494 3154 ipoi
521 3075 661 3156 propriae
691 3083 774 3149 aunt,
800 3077 989 3158 puudmimaa
1012 3077 1193 3158 receperim,
1223 3077 1340 3142 ndnima

183 3191 253 3256 para
275 3174 482 3240 emendationis
502 3195 583 3240 neae
609 3177 677 3240 mili
698 3179 822 3242 maximo
846 3179 944 3244 taedio
974 3187 1003 3242 et
1024 3179 1176 3260 dispendio
1199 3181 1339 3262 temporie

182 3277 349 3343 redimenda
368 3287 442 3343 erut.
1076 3313 1080 3318 ·

729 3501 782 3582 lt.

287 3685 349 3749 Sed
375 3705 558 3772 numnquam
586 3709 631 3754 uae
660 3690 790 3774 poenitet
813 3691 899 3754 luiua
931 3691 1035 3766 studii,
1069 3692 1149 3774 qnod
1180 3711 1234 3775 uer
1260 3695 1339 3760 lunc

181 3789 364 3853 occasionem
384 3791 414 3852 in
435 3794 608 3857 muemdone
624 3802 751 3858 ueterum
764 3793 1019 3859 Grmuatieorum
1038 3799 1213 3879 consummi.
1245 3797 1337 3862 lnrmo

182 3899 290 3954 tantum
318 3909 355 3956 ec
384 3911 429 3958 ma
455 3895 582 3958 adiutum
603 3898 713 3972 centio,
743 3915 803 3960 nou
830 3899 916 3962 modo
944 3899 984 3960 ud
1012 3899 1070 3962 loc
1096 3917 1185 3983 opus,
1216 3901 1270 3966 aed
1294 3903 1337 3966 ud

182 4011 293 4056 omnem
322 3995 488 4061 laotdtatenu
516 3991 638 4078 linguae
668 3999 813 4078 Graecae,
840 4001 979 4064 neminem
1006 4010 1039 4064 ut
1058 4003 1185 4066 arbitrer
1211 4003 1242 4066 in
1270 4005 1336 4068 ullo

113 4117 123 4130 ·
183 4095 296 4158 Graecc
316 4099 459 4180 temptare
481 4100 593 4162 edendo
616 4101 758 4182 prolicere
778 4121 883 4185 posse,
906 4103 963 4166 niai
983 4104 1069 4166 simili
1090 4122 1179 4170 cumn
1198 4106 1336 4170 lectionis

181 4207 338 4283 praecepta
368 4200 483 4266 illorum
502 4203 673 4283 collegerit,
701 4215 729 4268 et
749 4207 786 4269 ed
815 4207 937 4289 optimus
962 4207 1091 4272 rationes
1116 4211 1337 4278 examinaverit.

181 4301 282 4383 Neque
304 4303 334 4365 iul
354 4303 503 4368 uclesmm
526 4308 674 4387 negotium
694 4317 739 4372 eat
758 4310 803 4385 ei,
833 4309 883 4390 qut
908 4309 1043 4376 mettum
1071 4319 1101 4376 et
1120 4313 1213 4379 alacri
1235 4315 1335 4387 ammo
