2944 4900
189 343 211 408 ll
581 329 945 398 Puonucomuna

191 529 348 610 gennsinnm
382 545 418 592 ac
451 541 546 608 prope
585 515 860 585 Motodnrcccccv
893 519 1001 580 hahere
1032 517 1185 592 ridentur3
1224 517 1348 580 istorum

193 631 324 713 exemplo
347 627 615 700 Buxtorhanorum,
647 625 698 705 qni
727 621 847 686 eandem
880 639 941 683 rem
972 619 1041 683 olim
1067 620 1278 703 praedicabant
1308 620 1347 682 de

192 733 341 794 Hebraico
359 731 460 794 codice
480 745 547 805 suo,
578 745 665 810 mmm
691 728 729 788 ah
757 743 793 788 eo
822 741 932 788 omnem
958 724 1067 802 ingenii
1095 731 1126 785 et
1155 731 1270 784 tantum
1287 741 1348 784 non

194 834 319 898 rationis
338 837 481 898 humanm
500 849 583 894 usum
606 835 757 903 arcerent,
784 845 821 889 ea
845 841 963 907 quoqne
981 834 1119 906 tanqum
1138 819 1348 886 usdaudana

193 937 330 1013 reveriti,
351 945 427 1018 quse
448 951 525 998 nnnc
545 953 565 996 a
585 933 677 996 doctis
697 930 883 994 uitiosissinra
903 935 1050 1009 putantur.

743 1149 811 1252 m„

296 1341 357 1406 Nec
388 1359 459 1405 uero
483 1341 636 1404 llrnestius
666 1338 823 1420 qmdqnam
852 1334 945 1396 minus
973 1351 1094 1416 sperare
1121 1337 1233 1420 potnit,
1263 1355 1352 1418 qnam

195 1443 270 1506 tales
294 1443 463 1506 exornando
485 1445 611 1507 Homero
635 1450 790 1521 tantasque
819 1438 920 1519 copies
944 1453 1116 1518 superesse,
1146 1447 1274 1520 quemme
1304 1441 1353 1501 his

197 1545 308 1607 demum
329 1553 437 1628 septem
460 1549 544 1609 annis
560 1547 736 1626 obtigerunt.
779 1541 839 1602 lum
860 1539 908 1601 hic
924 1541 1026 1620 paucis
1048 1541 1145 1604 rerhis
1167 1541 1353 1604 delibandum

197 1647 282 1708 nohis
316 1656 360 1710 est
390 1646 506 1728 insigne
538 1649 668 1710 meritam
698 1641 878 1717 Villoisonii,
914 1638 963 1721 qui
999 1642 1108 1722 primus
1143 1643 1217 1706 duos
1250 1643 1352 1706 lhadis

197 1749 313 1812 codices
337 1746 463 1813 Venetos
485 1751 516 1812 in
537 1749 683 1832 puhlicnm
703 1747 825 1830 protulit
850 1763 913 1808 cum
937 1763 974 1805 ea
996 1744 1179 1808 scholiorum
1202 1746 1352 1825 congerie,

198 1867 275 1932 quae
298 1852 481 1932 antiquarum
505 1852 589 1914 etad
614 1851 716 1912 horum
737 1850 900 1912 carminum
920 1847 983 1910 lata
1006 1855 1034 1910 et
1048 1857 1146 1910 textus
1160 1847 1352 1912 conditionem

196 1949 427 2033 perspiciendam
450 1954 561 2016 utilium
579 1951 818 2034 rerum'ocpiam
847 1949 935 2012 multo
964 1951 1117 2026 maiorem,
1147 1969 1234 2032 qnam
1263 1953 1354 2014 ceteri

196 2053 228 2114 in
246 2070 334 2134 unam
357 2055 458 2118 collati
487 2056 555 2118 libri
578 2073 692 2132 omues,
725 2053 905 2136 sappeditat,
935 2059 1024 2132 atque
1052 2054 1167 2116 omnino
1191 2055 1298 2116 critiam
1322 2063 1354 2117 et

196 2157 393 2236 grammaticis
423 2157 529 2220 diuitiis
565 2173 624 2220 non
661 2157 746 2220 modo
773 2154 942 2228 Eustochio,
977 2153 1029 2214 sed
1061 2155 1192 2216 omnihus
1229 2157 1353 2218 omnium
1391 2211 1399 2221 .

148 2266 181 2320 12
198 2263 349 2339 poetarum
370 2257 544 2319 Scholiastis
566 2258 656 2336 longe
676 2259 831 2320 antecellit
879 2255 1063 2333 ignoscenda
1087 2256 1125 2317 sit
1147 2257 1250 2320 forsan
1270 2259 1353 2342 cupi-

199 2359 274 2422 ditas
296 2359 439 2440 quaedam
459 2359 490 2419 in
509 2355 657 2421 laudando
680 2361 773 2433 libro,
802 2356 997 2439 quem'longa
1018 2365 1047 2419 et
1066 2370 1195 2439 operosa
1217 2361 1354 2424 meando

198 2461 282 2524 nohis
306 2478 404 2523 carum
424 2461 502 2524 iecit.
554 2461 659 2526 Verum
685 2463 728 2524 ita
758 2462 794 2523 de
822 2459 875 2522 illc
903 2479 1045 2541 quemque
1071 2461 1235 2524 existimare
1250 2461 1354 2542 'cogat

197 2563 271 2625 leuis
295 2564 473 2646 comparatio
495 2576 612 2639 eorum,
643 2583 720 2646 qnae
741 2563 772 2625 in
791 2565 848 2625 hcc
869 2579 978 2641 genere
1003 2573 1087 2626 erant
1109 2565 1189 2646 prius
1211 2565 1352 2644 uulgata:

133 2693 135 2698 v
198 2683 283 2727 secus
297 2665 345 2745 qui
359 2665 536 2738 sentiebant,
555 2666 603 2729 uel
617 2684 676 2729 non
691 2675 824 2730 recentes
839 2673 923 2728 erant
944 2667 1204 2732 aSchcliastarum
1216 2664 1353 2744 lectione,

93 2763 95 2766 ’
197 2767 245 2829 ecl
267 2767 386 2830 editoris
405 2769 498 2850 prima
516 2771 708 2850 promissione
731 2771 760 2831 in
781 2770 895 2831 nimiunn
912 2770 998 2850 'spem
1021 2770 1124 2845 erecti,
1146 2769 1271 2850 speretis
1284 2789 1354 2834 mox

198 2867 310 2930 minora
340 2887 372 2930 se
399 2871 549 2951 accepisse
578 2887 670 2952 aegre
700 2873 842 2934 lercham
895 2870 1036 2933 Videntur
1060 2871 1138 2934 adeo
1161 2873 1268 2948 luisse,
1302 2877 1354 2955 qui

199 2984 285 3049 qunm
302 2969 461 3046 Zenodoti,
482 2975 658 3050 Aristarchi,
680 2973 819 3048 Cratetis,
842 2973 1008 3047 Alexionis,
1028 2983 1071 3038 tot
1086 2975 1209 3039 aliorum
1223 2976 1355 3040 Alexan·

198 3071 360 3147 driuornm,
381 3075 499 3136 uomina
520 3077 561 3138 ihl
583 3079 672 3160 saepe
693 3075 807 3151 afferri,
826 3077 966 3138 lectiones
988 3078 1073 3140 etiam
1087 3077 1258 3154 editionum,
1280 3095 1354 3160 qna-

198 3190 261 3236 rnm
284 3175 378 3237 tennis
409 3177 447 3240 ud
477 3199 531 3242 nos
562 3178 699 3244 memoria
724 3181 866 3256 uenisset,
896 3187 983 3260 atque
1009 3181 1175 3243 multorum
1190 3167 1356 3264 singularia

198 3277 234 3339 de
258 3275 384 3342 Homero
403 3283 511 3366 scripta
534 3285 650 3350 laudari
675 3285 871 3360 erudivissent,
893 3283 1030 3344 continno
1052 3283 1106 3344 has
1119 3283 1373 3364 ipsascommen··

197 3379 322 3442 tationes
345 3381 604 3467 dedecoratam,
628 3389 659 3450 ἰιι
681 3406 766 3449 renum
789 3405 895 3468 corpus
918 3394 1097 3466 compactas,
1118 3387 1202 3449 nohis
1225 3374 1355 3450 ohlaturn

197 3481 234 3540 iri
257 3483 454 3562 opinarentur.
498 3487 628 3551 Tandem
652 3489 760 3571 prodiit
779 3489 869 3565 liher,
897 3483 990 3568 longa
1011 3489 1228 3570 exspectatione
1252 3489 1357 3554 docto·

197 3600 260 3643 rnm
289 3583 470 3659 celebratus,
502 3587 567 3669 plus
591 3589 707 3652 dimidio
734 3591 827 3653 minor
856 3607 941 3672 quam
969 3591 1146 3655 Hustethius.
1196 3591 1234 3654 Et
1258 3594 1358 3658 attulit

197 3687 391 3750 tantummodo
418 3707 454 3751 cx
480 3671 552 3752 illis'
567 3693 731 3755 criticorum
760 3702 789 3756 et
817 3695 1004 3777 interpretum
1032 3697 1168 3778 operibus
1197 3695 1356 3779 Excerpta,

198 3805 256 3850 non
280 3806 315 3851 eo
337 3789 467 3855 instituto
489 3794 584 3870 lacta,
609 3797 687 3877 quod
711 3798 775 3878 qais
800 3807 928 3860 nostrum
950 3807 1180 3878 unncsepuatur
1200 3801 1231 3860 in
1252 3817 1356 3864 excer-

197 3891 308 3972 pendo,
329 3893 586 3972 nodonheriora,
609 3899 694 3961 modo
714 3903 924 3972 contractiora3
957 3901 1087 3983 plurimis
1109 3901 1223 3982 quidem
1244 3905 1358 3968 relerta

197 3993 386 4070 lectionibus,
417 3998 469 4058 sed
497 3999 533 4062 iis
559 4011 613 4063 hec
632 4003 787 4082 primorum
810 4003 947 4079 landum,
979 4021 1032 4067 nec
1057 4005 1200 4068 rationum
1225 4008 1357 4089 explice-

197 4095 276 4157 tione
298 4099 369 4158 satis
399 4098 528 4173 mannitis3
565 4091 711 4185 postremo
736 4105 840 4180 multe,
869 4123 945 4186 quae
973 4109 1012 4170 ad
1042 4109 1202 4172 doctrinam
1229 4119 1258 4172 et
1278 4111 1365 4173 hae.

198 4205 325 4260 naturam
351 4201 547 4280 Homericam,
579 4225 690 4290 pauca,
723 4225 799 4288 quac
813 4209 858 4270 ad
879 4224 993 4274 sensum
1019 4213 1198 4292 poeticarum
1220 4215 1358 4278 uirtutum
1427 4273 1432 4284 .

196 4301 408 4366 informandum
430 4306 553 4384 iaciant,
578 4309 730 4372 admodum
754 4292 842 4387 nihil,
865 4313 944 4393 prrod
961 4315 1039 4377 uatis
1059 4323 1188 4378 'aetatem
1208 4317 1268 4378 suis
1291 4317 1357 4397 opi-
