2944 4900
197 321 241 391 2⁰
586 305 956 376 Pltoabccmadu.

199 527 269 593 pere
281 505 384 590 potnit.
407 542 411 549 «
426 503 462 568 Κ.
482 505 533 566 57.
546 499 649 578 legunt
662 497 753 577 uulgo
767 487 869 558 κείνου
886 487 947 574 γάρ
968 510 1002 554 κε
1016 483 1159 570 μάλιστα
1173 479 1360 566 πυθοίατο,

198 615 311 691 inquo
334 600 509 670 modiciae
535 609 648 686 putant=
669 617 733 662 asse
763 596 896 662 obedire.
947 593 1033 669 Quod
1060 609 1147 672 quum
1173 608 1211 652 ne
1235 589 1365 658 Glosso·
1436 678 1442 690 ,

200 714 305 794 graphi
329 711 443 792 quidem
461 709 546 772 rolris
569 702 741 776 obtrndant,
759 717 819 762 uno
842 705 920 760 certe
935 696 1066 778 exemplo
1080 693 1262 776 probandum
1284 700 1364 754 erat

200 799 384 886 burrellina,
408 811 478 892 qnid
501 811 530 871 in
551 808 633 869 libris
650 804 709 866 suis
721 802 844 880 legerit,
859 808 1053 880 quaerentem
1065 799 1223 860 irascatur
1235 796 1365 859 nolasm

201 915 253 978 illo
282 906 336 974 aci
368 902 452 994 ἑξῆς.
502 908 686 990 ΕιιίοιιοιοἸ
700 904 726 964 si
755 904 796 964 ita
823 901 960 979 legisset,
988 911 1047 963 tam
1073 899 1233 982 inauditam
1267 899 1366 984 signi-

202 1015 365 1076 dcationem
393 1029 452 1074 non
482 1013 655 1085 omissuros,
688 1016 739 1070 ant
760 1007 831 1068 alibi
857 1006 895 1068 ad
918 1023 981 1066 eam
1007 1004 1158 1072 rediturus
1174 1001 1295 1075 inissem
1329 1000 1365 1062 id

200 1116 282 1198 qnod
308 1115 389 1177 nullo
414 1114 485 1176 iacit
512 1113 590 1176 loco.
646 1109 719 1172 Nom
756 1108 809 1171 etsi
838 1127 867 1189 p.
900 1109 992 1167 1013.
1022 1107 1043 1169 1.
1076 1108 1127 1166 55.
1157 1103 1256 1166 ado.
1283 1106 1364 1166 224.

202 1209 381 1278 πιθέσθαι
402 1233 465 1280 cum
489 1218 618 1297 genitivo
647 1220 845 1278 construamur
859 1211 901 1274 ita
922 1216 1018 1283 notet,
1047 1215 1079 1270 nt
1110 1216 1139 1270 et
1166 1206 1238 1268 alibi
1263 1205 1300 1268 de
1322 1224 1363 1268 eo

204 1336 313 1401 genere
334 1320 479 1382 monuisse
501 1318 663 1398 significet,
684 1315 715 1376 id
738 1331 797 1382 non
815 1314 941 1395 pertinet
964 1311 1002 1372 ad
1023 1312 1080 1373 nim
1101 1311 1281 1388 obsidendi,
1307 1307 1365 1372 sed

201 1415 412 1504 ¹cognoscendi
433 1438 487 1483 sen
509 1419 676 1500 audiendi,
708 1417 745 1479 do
774 1435 833 1497 qna
864 1433 937 1476 sane
968 1413 1081 1476 dixerat
1106 1414 1232 1494 pedib.
1249 1412 1282 1472 l.
1305 1415 1364 1472 42.

200 1525 296 1604 -lgitnr
317 1524 406 1585 etiam·
421 1522 588 1586 Ermtntldns
605 1519 793 1584 correctionis
814 1527 933 1580 nostrae
952 1517 1120 1580 auctoribus
1135 1515 1286 1579 addendus
1300 1523 1363 1576 est

203 1627 320 1690 illarius
349 1625 424 1687 idem
448 1623 597 1690 confirmat
623 1631 752 1686 nostram
773 1620 926 1683 lectionem
953 1615 981 1679 λ.
999 1622 1077 1693 lb,
1104 1619 1153 1682 nbi
1178 1618 1208 1678 in
1236 1617 1363 1696 uulgata

202 1729 323 1792 rerbnrb
346 1715 443 1788 daea
461 1745 525 1788 com
555 1727 651 1788 dativo
678 1723 862 1801 inungebatur.
912 1721 945 1781 ld
968 1722 999 1789 in
1021 1720 1177 1794 similibus,
1205 1717 1360 1801 γεγωνεῖν,

203 1823 393 1905 marenca,
416 1823 551 1890 κελεύειν
574 1828 703 1901 solitum,
725 1845 763 1887 an
781 1826 812 1886 in
831 1823 884 1886 illo
909 1842 1026 1904 quoqne
1041 1824 1176 1886 usitatum
1197 1823 1249 1897 sit,
1271 1821 1364 1883 nebe-

203 1938 313 1994 menten
341 1928 457 2004 dubito;
494 1928 621 1991 Homero
649 1936 745 2000 mntem
769 1926 905 1989 usitatum
935 1942 1084 1996 donasse
1112 1923 1223 1987 rideo„
1258 1922 1364 2003 Neque

203 2031 259 2094 bac
281 2047 341 2092 ona
362 2027 517 2094 insolentia
537 2027 677 2094 laborare
697 2045 827 2105 uersum,
850 2030 974 2090 inumeris
990 2013 1130 2106 assuetae¹
1143 2045 1229 2089 aures
1245 2026 1363 2088 docent.

203 2133 250 2201 Ex
270 2134 330 2198 alio
352 2151 460 2214 genere
480 2135 574 2200 falsae
590 2132 748 2210 analogiae
761 2132 855 2193 lorma
876 2140 941 2191 erat
961 2151 987 2190 ο.
1004 2136 1090 2202 485.,
1110 2131 1177 2190 bino
1192 2129 1233 2198 ir
1250 2127 1363 2188 indices

205 2237 393 2300 dialectornm
414 2237 524 2312 relata,
547 2228 764 2318 γεγινοίμεθο.
797 2233 874 2307 Nos,
898 2241 926 2295 et
940 2252 994 2296 usn
1016 2241 1044 2294 et
1058 2235 1201 2295 sententia
1212 2239 1365 2314 poscente,

171 2417 176 2428 ἱ
205 2338 393 2421 expluribus
416 2338 500 2400 codd.
528 2337 656 2399 dedimus
686 2355 721 2418 ys
751 2327 935 2417 γενοίμεθα.
986 2335 1105 2397 Scilicet
1131 2335 1245 2398 codices
1275 2335 1363 2396 nobis

205 2439 392 2522 exspectandi
408 2448 491 2501 crant
502 2440 611 2501 maiore
624 2457 752 2512 numero,
774 2447 805 2499 nt
818 2439 1010 2518 ineptissimas
1023 2437 1183 2518 scripturas
1197 2447 1226 2501 et
1239 2433 1364 2502 maxime

203 2542 349 2627 proclives
371 2540 474 2622 lapsus
490 2541 698 2604 ‘nonnullorum
720 2541 906 2603 librariorum
924 2541 1153 2618 corrigeremus,
1171 2548 1202 2601 ut
1223 2559 1260 2600 ιι.
1285 2541 1362 2600 380.

154 2658 189 2715 35
206 2637 266 2710 aad
288 2646 318 2706 in
340 2637 424 2731 ὀίριι,ι
443 2660 473 2704 o.
494 2646 569 2704 405.
591 2634 667 2708 donn
681 2647 710 2706 in
722 2635 862 2723 ibam-o.
879 2647 952 2704 409.
967 2642 1053 2703 πᾶσι
1075 2644 1104 2703 in
1120 2634 1217 2704 παισί
1234 2650 1364 2704 motare-

204 2767 275 2812 mns.
316 2747 402 2810 Adde
423 2748 469 2809 bis
491 2747 657 2809 facillimam
681 2757 709 2812 et
733 2749 799 2810 late·
813 2755 958 2830 patentem
979 2745 1178 2818 conlusionem
1201 2727 1364 2818 modorum,
1460 2777 1461 2788 ι

204 2851 356 2934 inprimis
380 2849 552 2912 subiunctini
582 2859 610 2912 et
633 2851 767 2932 optativi,
796 2868 918 2932 qaorum
945 2848 1103 2927 legitimum
1128 2849 1279 2911 discrimen
1305 2848 1367 2928 ipsi
1460 2865 1461 2910 l

208 2953 344 3016 Graeculi
364 2962 574 3033 postremorum
595 2954 778 3014 saeculorum
810 2971 911 3032 parum
937 2961 1016 3012 necte
1044 2960 1206 3034 tennerunt.
1257 2949 1368 3012 Notavi

208 3055 322 3137 quidem
351 3053 419 3114 mibi
447 3051 485 3112 ad
509 3053 670 3132 quindecim
699 3053 831 3134 exempla
857 3054 942 3117 buius
966 3053 1161 3134 confirmaris,
1190 3053 1293 3134 qnilms
1324 3053 1367 3114 ad

207 3153 341 3237 regulam
356 3154 537 3235 corrigendis
560 3165 589 3217 et
609 3164 728 3217 metrum
752 3163 780 3216 ct
800 3154 868 3216 libri
885 3174 985 3218 omnes
1008 3157 1139 3218 obstent:
1170 3165 1200 3218 at
1221 3157 1251 3218 in
1272 3155 1366 3235 longe

206 3259 338 3344 plurimis
359 3277 419 3324 non
443 3266 488 3332 est
515 3257 646 3335 dubium,
678 3259 748 3339 quin
779 3258 968 3338 antiquiores·
982 3260 1057 3320 libri
1083 3277 1146 3320 cnm
1169 3260 1366 3338 grammaticis

209 3371 237 3426 et
265 3363 389 3426 metricis
417 3363 531 3443 regulis
561 3371 754 3444 congruentes
783 3361 924 3442 sequendi
950 3363 1016 3424 sint.
1065 3361 1175 3424 Saltem
1203 3362 1249 3436 id,
1283 3362 1366 3442 quod

208 3463 298 3542 vulgo
314 3464 345 3524 dt
357 3466 538 3546 saepissime,
557 3476 590 3529 nt
602 3467 809 3546 consequentia
819 3465 971 3538 modorum
985 3467 1171 3548 perturbetur
1183 3465 1212 3526 in
1228 3465 1366 3528 iunctura

209 3564 375 3646 aequalium
396 3565 599 3642 membrorum,
626 3566 674 3628 nel
699 3575 732 3627 ut
752 3565 914 3646 pardonlae
938 3559 976 3629 ἄν
1003 3587 1026 3630 s.
1048 3587 1083 3628 κε
1104 3567 1230 3630 addatur
1251 3565 1366 3628 indica-

209 3667 284 3728 tinns
306 3667 425 3728 instanti
446 3673 590 3746 tempore,
615 3685 698 3730 nemo
722 3668 779 3740 nisi
799 3668 931 3732 indoctus
950 3678 1145 3752 propagatum
1167 3669 1250 3742 uelit,
1274 3688 1366 3750 prae-

210 3768 307 3830 sertim
328 3767 358 3830 in
380 3775 475 3845 tanta,
498 3788 573 3850 quiae
594 3770 688 3834 mrdtis
710 3789 766 3852 pro
790 3772 904 3834 rationo
926 3771 1306 3848 est‚mn1andiiacilitato.

751 3993 809 4076 n.
889 4000 893 4008 ,

309 4178 406 4262 Atque
427 4180 500 4242 baec
529 4197 576 4241 ex·
596 4195 702 4260 magno
723 4198 842 4274 numero
870 4199 928 4244 non
947 4181 1081 4246 studiose
1102 4191 1241 4266 excerpta
1269 4185 1367 4265 speci-

209 4279 285 4342 mina
304 4281 437 4360 numeris
457 4290 553 4345 textus
573 4282 731 4362 emendati,
755 4293 785 4347 et
805 4302 881 4365 qnae
900 4301 958 4348 non
972 4286 1137 4366 ingenuom,
1162 4287 1214 4349 sed
1228 4286 1366 4350 meliores
