2976 4900
524 323 891 391 rnonncomnnn
1234 336 1279 402 33

121 509 316 587 Homericus,
339 509 410 588 quid
430 509 556 601 iciunum
578 519 609 574 at
630 511 769 594 frigidum
789 515 827 576 sit
847 514 879 576 iu
899 515 975 588 locis
996 518 1109 594 moltis,
1132 530 1164 584 ut
1184 523 1219 590 ll.
1239 543 1276 608 φ.

122 615 200 675 273.
229 631 296 692 sqq.
324 619 355 672 ct
382 613 547 692 iumagus
574 623 659 694 parta
686 608 915 696 capnmloydac
944 619 1030 683 huius
1062 623 1147 699 libri,
1180 634 1213 688 ut
1245 628 1276 690 iu

122 715 259 796 proximo
287 712 333 788 X,
364 715 415 777 uhi
442 723 536 778 amon
565 716 652 797 plura
679 718 785 793 nitent,
817 719 879 796 (ita
899 722 990 784 nitent
1017 725 1102 788 edam
1128 726 1218 790 multa
1244 731 1275 790 in

122 817 352 896 Theogoniam
375 819 407 878 iu
427 817 518 880 Scuto
538 814 656 895 licrc.,)
685 826 715 880 ot
735 825 775 902 ψ.
799 825 866 896 88..
897 832 930 886 ut
953 843 993 886 ω.
1017 829 1091 889 247.
1113 847 1178 910 sqq.
1199 833 1274 894 6⁰2.

122 937 202 1000 sopp,
231 926 264 980 ut
286 917 456 1002 Odyssean.
478 922 551 981 310.
573 938 657 1000 opp,
686 928 719 981 ut
740 940 775 982 ω.
804 925 856 986 24.
885 943 951 1007 sqq.
1001 925 1055 990 lia.
1076 928 1121 990 his
1149 938 1178 993 ct
1206 931 1275 994 aliis

107 1022 255 1108 ¹pluribus
285 1021 487 1102 dhpomudom
522 1024 577 1086 crit
610 1022 685 1084 aliar
714 1023 882 1103 siugulatim
913 1037 943 1090 et
969 1029 1160 1095 intentissima
1192 1049 1273 1107 cure,

122 1144 183 1206 qua
204 1143 253 1187 res
274 1131 357 1186 tauta
378 1125 472 1204 digna
491 1133 544 1189 est
588 1125 671 1190 Nunc
692 1127 766 1189 hacc
786 1129 960 1193 subnotasse
981 1133 1052 1194 satis
1065 1131 1177 1208 habco,
1201 1133 1274 1196 nihil

121 1245 243 1304 coraus,
263 1234 402 1308 quantum
421 1227 489 1290 iuda
508 1229 643 1292 momenti
665 1229 703 1290 ad
723 1231 878 1312 superiora
897 1242 1069 1312 argumenta
1088 1235 1253 1301 accesserit

636 1516 762 1598 xxxo.
834 1575 838 1582 .
893 1579 896 1588 .

223 1732 388 1813 Pergamos
404 1735 443 1798 ad
464 1753 515 1810 ea,
528 1751 615 1816 *quae
640 1734 744 1798 Gracci
766 1751 911 1800 consensu
930 1735 1112 1802 tradideram
1133 1737 1170 1800 dc
1190 1699 1273 1804 retu

120 1837 248 1900 stissima
268 1837 391 1900 hhtoria
411 1839 516 1902 horum
535 1837 717 1914 fluminum,
739 1844 840 1914 tenum
865 1847 894 1900 ct
913 1839 1055 1904 obscuras
1076 1856 1130 1921 par
1151 1858 1184 1904 sa
1202 1841 1272 1921 rali-

120 1941 222 2020 tprias,
251 1937 305 2002 ucc
326 1937 385 2006 illis
413 1941 487 2022 ipsis
507 1940 578 2002 satis
599 1939 777 2014 intellectas,
803 1940 887 2002 nohis
913 1948 1011 2008 autem
1031 1942 1091 2006 iau
1113 1959 1172 2008 uon
1193 1945 1272 2013 omui
1288 1941 1339 1997 139

119 2040 186 2104 lucc
207 2048 350 2108 caremes.

224 2153 350 2234 Primum
369 2169 490 2231 Homeri
509 2163 608 2250 poesis
630 2189 649 2233 a
667 2171 899 2240 Lacedaemonio
920 2170 1057 2252 Lycurgo
1080 2189 1117 2238 eu
1138 2169 1220 2233 lonis
1241 2173 1273 2234 in

120 2271 354 2384 Pclpponnasum
375 2271 459 2332 illata
478 2287 544 2332 csso
564 2271 678 2337 dicitnr.
723 2275 858 2352 Quattuor
879 2273 964 2335 nohis
986 2281 1101 2336 exstant
1119 2274 1204 2336 huius
1228 2275 1273 2337 rei

119 2385 208 2439 testes
225 2370 269 2453 ²),
291 2377 322 2438 in
342 2376 386 2436 his
400 2374 510 2456 primus
534 2381 562 2436 ct
584 2385 679 2440 actatc
700 2386 729 2440 et
743 2377 914 2440 auctoritate
934 2372 1105 2440 Heraclides
1125 2377 1273 2456 Ponticas,

120 2480 172 2561 spui
194 2469 331 2542 fflrrdna
350 2497 370 2540 a
391 2475 547 2558 Creophyli
566 2481 692 2560 posteris
720 2488 841 2562 accepta
859 2479 958 2542 reicrt.
999 2477 1055 2542 llic
1076 2478 1271 2562 Creophylus,

120 2582 250 2664 quamtis
279 2582 365 2643 homo
394 2579 562 2655 fabulosos,
592 2601 678 2662 quum
706 2583 736 2643 iu
763 2584 968 2664 antiquissimis
989 2580 1086 2665 Epicis
1116 2588 1145 2644 ct
1173 2582 1272 2643 amicis

118 2685 238 2748 llomcn'
259 2693 438 2759 numeretur,
466 2683 529 2745 cius
555 2693 689 2765 posteros
711 2683 849 2747 coniicias
877 2683 969 2746 luisse
988 2681 1126 2746 familiam
1153 2673 1273 2744 ἀοιδῶν

120 2788 185 2848 sire
212 2778 388 2870 ῥαψῳδῶν,
419 2786 469 2867 qni
487 2785 635 2848 ¹Carmina
662 2793 779 2870 rogato
796 2787 925 2866 Lycurgi
943 2785 1099 2847 'docuerint
1122 2783 1273 2848 Lacedae-

118 2889 250 2964 monios,
272 2888 321 2950 rol
342 2889 499 2951 revertenti
516 2889 646 2951 comitem
667 2888 813 2964 dederint,
829 2888 885 2968 'qtri
907 2905 943 2949 ea
963 2883 1075 2948 teneret
1096 2895 1125 2949 ct
1144 2892 1272 2949 caneret.
1284 2903 1301 2938 ο

119 2991 196 3056 llam
223 2989 301 3072 quod
329 2989 501 3053 Plutarchus
529 2991 608 3073 upnd
636 2991 716 3053 illam
746 2989 884 3052 familiam
912 2989 1016 3052 linens
1044 2991 1180 3054 mandata
1203 2997 1273 3052 cta

118 3098 259 3178 Lycurgo
287 3093 432 3174 descripta
460 3103 575 3171 narrat,
602 3093 633 3155 id
661 3110 720 3155 non
743 3095 837 3173 magis
867 3091 907 3156 ad
931 3103 992 3155 rom
1017 3094 1157 3174 pertinet,
1186 3109 1273 3173 qnam

121 3197 224 3277 addita
243 3197 337 3272 ratio,
359 3214 411 3259 cnr
424 3187 587 3276 ‘legislator
609 3211 647 3258 ca
667 3197 698 3258 iu
719 3196 863 3258 ciuitatem
884 3205 965 3256 suam
984 3195 1166 3273 importantia
1188 3211 1273 3253 cura-

119 3300 207 3363 verit
249 3297 368 3360 Addunt
389 3299 461 3362 talia
483 3298 614 3361 historici
636 3315 673 3360 cx
692 3298 811 3375 iugenio
832 3313 901 3372 suo,
928 3315 965 3359 uc
987 3313 1036 3357 ras
1058 3293 1136 3356 nude
1159 3301 1188 3356 ct
1210 3293 1272 3356 exi·

118 3401 191 3464 liter
211 3417 333 3462 narrare
360 3399 522 3464 rideantur.
572 3399 617 3460 Ac
645 3416 681 3460 uc
702 3381 784 3460 'illud
808 3397 922 3478 quidem
943 3385 1068 3461 Aeliano
1095 3393 1274 3470 crediderim,

120 3503 189 3585 (qni
210 3501 284 3565 enim
305 3501 330 3562 is
345 3503 420 3565 scire
439 3501 577 3586 pronti)
605 3499 662 3563 iam
681 3499 817 3580 Lycurgo
841 3498 960 3578 cognita
979 3495 1069 3561 inisse
1081 3499 1155 3562 hacc
1170 3497 1274 3576 omnia,

121 3625 161 3670 cx
177 3585 297 3687 ‘wihus
325 3604 447 3686 posthac
475 3603 545 3666 llias
576 3610 604 3663 et
626 3601 757 3684 Odyssea
788 3603 968 3667 constabant.
1019 3585 1117 3682 Quarc
1145 3600 1275 3676 abiectis,

120 3727 202 3791 qnae
228 3707 327 3771 nilicta
351 3714 417 3768 sunt
445 3705 484 3768 ad
512 3705 663 3786 mythicam
691 3705 813 3782 famam,
844 3707 901 3770 hoc
930 3705 1022 3768 solum
1049 3703 1157 3766 nudum
1185 3701 1275 3764 relin-

120 3815 238 3894 quitur,
267 3817 334 3877 antc
355 3809 522 3888 Lycurgum
544 3806 698 3891 Spartanis
721 3813 833 3870 ⁴tautum
860 3825 971 3888 paucas
992 3805 1166 3886 rhapsodias
1191 3803 1275 3862 inno·

175 4158 208 4227 2)
228 4155 364 4211 lioraolid.
383 4122 491 4222 Frapm.
509 4153 578 4224 περὶ
596 4155 749 4206 πολιτειῶν
777 4156 805 4209 in
824 4149 906 4206 Gran.
928 4149 1010 4206 Thcs.
1029 4146 1083 4202 ΑΑ.
1105 4142 1161 4200 GG.
1180 4143 1212 4199 Τ.
1232 4142 1276 4203 vl.

230 4245 353 4310 praeta.
373 4237 402 4294 B.
440 4235 491 4291 Dio
510 4235 647 4307 chrysost.
670 4233 715 4289 0r.
734 4233 768 4289 ll.
786 4253 813 4306 p.
830 4242 874 4294 87.
910 4231 999 4290 neren.
1018 4231 1087 4286 Plut.
1104 4233 1132 4284 in
1150 4229 1275 4301 Lycurgo

230 4339 256 4393 p.
274 4327 318 4382 tt.
337 4322 368 4378 D.
385 4320 493 4378 Astron,
507 4320 540 4377 V.
558 4319 589 4376 ld.
609 4319 687 4388 xlii,
709 4324 750 4376 14.
1149 4337 1151 4344 ⁴

1019 4401 1070 4467 6*
