2976 4900
524 339 910 442 rauranum-uun
1221 349 1284 420 nas

129 517 178 580 siu
201 515 326 580 aliorum
345 514 584 596 exempludeoit,
615 515 699 578 etiarn
724 511 951 600 hincapparet,
981 526 1090 599 quanta
1113 519 1232 588 libidine
1256 534 1284 588 et
1301 533 1353 589 203

127 621 161 682 ui
182 621 213 682 in
231 621 352 682 vetuistis
374 618 563 680 monumentis
584 626 722 696 grassata
743 619 780 679 sit
803 619 904 682 critica
919 621 1079 703 incipiens„
1114 625 1153 687 At
1172 627 1285 694 minime

129 722 272 789 credibile
300 730 360 796 est,
399 739 436 784 ea
474 721 570 784 omnia
599 721 784 798 excogitasse
813 719 1010 804 Zenodotnm,
1049 738 1124 806 quae
1151 728 1189 790 ad
1221 731 1283 794 eius

129 826 334 888 auctoritatem
355 823 536 897 referuntur,
558 829 646 902 atque
659 822 739 886 adeo
751 823 936 888 Zenodoteus
953 829 1130 910 scripturas,
1149 849 1284 912 magnam

129 938 212 992 certe
231 937 360 1012 partem„
381 945 440 990 non
452 925 537 992 alias
560 943 639 999 esse,
662 943 748 1006 quam
764 927 957 1006 antiquiorum
973 931 1179 1012 plerorumque
1191 935 1283 998 libro·

129 1051 204 1094 rura.
249 1031 342 1111 quue
362 1021 449 1111 quum
473 1028 689 1092 et-conieetura
715 1027 868 1106 probabile
891 1033 944 1106 sit,
973 1042 1001 1094 et
1029 1033 1142 1112 aliquot
1170 1036 1281 1102 idoneis
1299 1051 1352 1106 204
1419 1089 1422 1100 .

131 1135 313 1214 argumentis
332 1133 516 1210 intelligatur
529 1125 586 1206 ⁷³),
616 1117 821 1210 circumspecte
853 1134 937 1195 nobis
962 1135 1146 1198 iudicandum
1170 1141 1224 1201 erit
1249 1140 1285 1206 de

130 1241 264 1324 principe
284 1236 469 1308 orianorum,
490 1251 527 1296 ne
547 1231 604 1315 ipsi
625 1232 794 1312 imputemus
816 1234 902 1309 uitia,
924 1253 1000 1316 quae
1022 1237 1186 1300 eilorsitan
1205 1221 1281 1312 com·
1298 1255 1351 1312 205
1407 1251 1409 1258 “

130 1343 230 1406 munia
254 1341 360 1402 fuerint
382 1355 445 1398 oum
463 1329 632 1398 doctissimo
657 1353 774 1414 quoque
796 1333 912 1400 illorum
933 1346 1100 1420 temporum.
1256 1405 1260 1410 ,

235 1442 308 1504 Nam
329 1441 365 1502 de
386 1440 422 1502 iis
443 1437 520 1499 uitiis
543 1444 572 1498 et
596 1437 760 1512 erroribus,
792 1437 896 1517 quibus
922 1456 1032 1502 omnem
1060 1450 1089 1504 et
1108 1427 1282 1510 Homericae

132 1557 162 1610 et
187 1547 318 1610 Graecae
342 1541 482 1606 orationis
504 1555 602 1600 ueram
630 1537 770 1599 rationem
790 1547 959 1619 pervertere
988 1541 1118 1621 uidetur,
1147 1546 1233 1611 aliter
1252 1552 1283 1614 iu

134 1650 258 1716 saeculo
285 1643 481 1728 grammaticis
505 1641 668 1722 praeceptis
695 1636 875 1715 abundante,
907 1643 992 1706 aliter
1019 1646 1049 1706 in
1076 1647 1127 1710 illo
1156 1657 1283 1718 statuere

135 1793 444 1816 aun-mm*

204 1903 209 1912 ,
238 1879 280 1936 (ῃ,
299 1877 371 1932 pm
391 1893 418 1945 p,
439 1883 495 1934 173.
535 1874 666 1930 Similiter
682 1876 831 1946 ineptiebat
850 1879 875 1931 in
892 1895 923 1931 π.
939 1882 984 1935 89.
1002 1892 1061 1952 sqq·
1079 1888 1107 1936 οἳ
1123 1887 1187 1950 allii
1205 1887 1282 1942 Ιῠῦῑῑ·
1344 1937 1348 1944 ·

235 1967 271 2020 Aa
287 1967 314 2018 iu
332 1963 454 2032 pluribus
475 1961 586 2027 borum,
613 1962 725 2014 maximo
743 1963 797 2026 ibi,
816 1961 862 2016 abi
882 1963 984 2032 aliquid
1003 1965 1082 2033 plano
1101 1975 1207 2038 omisit,
1225 1978 1282 2030 cui·

236 2052 277 2105 vis
308 2053 436 2102 nascatur
467 2049 600 2117 suspicio,
632 2051 735 2115 partem
766 2045 861 2114 culpae
892 2049 918 2098 in
943 2048 1014 2100 mala
1037 2048 1088 2106 fide
1111 2058 1283 2128 antiquorum

236 2121 441 2208 exemplarium,
471 2147 524 2185 rron
542 2133 571 2184 in
587 2126 719 2182 Zenodoti
737 2131 847 2199 ingenio
866 2131 943 2193 solo,
971 2136 1151 2204 quaerendum
1170 2156 1239 2195 esse.

168 2233 217 2303 73)
241 2231 351 2286 Triuuun
377 2217 453 2286 omne
479 2230 643 2302 perlectum,
668 2230 751 2281 aiunt.
794 2229 823 2282 B.
843 2233 900 2285 nno.
918 2230 1047 2298 pluralem
1073 2234 1151 2289 affert
1168 2237 1282 2298 Aristot.

237 2317 313 2372 libet.
335 2314 368 2382 ll,
385 2323 410 2376 2,
429 2324 454 2373 7.
480 2313 668 2386 Διοτρεφέων
694 2309 846 2380 βασιλήων.
900 2312 948 2368 Ubi
980 2331 1104 2373 nuntorus
1133 2326 1283 2378 sententiae

239 2409 321 2458 rausa
346 2405 370 2453 a·
386 2397 548 2468 plritoeoplto
573 2401 683 2467 potarat
707 2404 822 2450 mutatus
847 2400 942 2454 sirtori.
984 2399 1037 2455 Sed
1061 2407 1137 2460 occet
1172 2407 1283 2462 eandem

189 2513 193 2518 ¹
238 2491 398 2558 scripturam
419 2473 488 2538 nuuc
506 2500 539 2538 ex
557 2481 673 2538 Scholiis
692 2481 818 2543 discimus
837 2484 970 2541 Zenodoti
988 2486 1081 2542 luisse.
1123 2489 1215 2562 Magis
1229 2509 1283 2548 uu.
1308 2521 1309 2524 ,

237 2575 322 2628 tabite
342 2571 393 2625 hoe
413 2574 472 2634 est,
495 2568 566 2640 qaod
586 2568 654 2621 idem
674 2567 777 2622 dnobus
797 2576 842 2622 aut
860 2569 982 2640 pluribus
1003 2585 1067 2633 rsa,
1088 2579 1161 2626 certe
1178 2580 1203 2640 β.
1225 2579 1284 2637 144.

239 2662 262 2726 ξτ
280 2639 351 2720 499,
383 2654 542 2724 uocabulum·
560 2653 703 2707 absurdum
722 2661 748 2707 et
766 2655 844 2708 nobis
864 2655 943 2724 plane
963 2659 1080 2726 ignotum
1100 2655 1206 2710 dedisse
1227 2664 1284 2714 tra-

241 2743 329 2806 ditur,
356 2736 396 2812 (ρὴ
415 2755 464 2808 pro
485 2737 528 2798 ὡς.
573 2735 618 2803 ‘bd
637 2734 747 2808 κύματα
764 2737 861 2812 μακρὰ
880 2738 1042 2806 θαλάσσης,
1070 2735 1100 2792 Ὁ
1119 2739 1150 2792 dd
1169 2739 1209 2810 φὴ
1227 2739 1284 2793 κώ·

241 2828 322 2880 derue
346 2820 488 2892 ἀνασχών.
531 2820 583 2874 Sed
610 2824 689 2874 istius
716 2827 828 2876 monstri
854 2841 917 2878 usus
941 2841 974 2879 ex
992 2811 1052 2884 scir
1070 2822 1132 2894 μετ’
1146 2821 1285 2896 Ὅμηρον,

241 2914 395 2965 nominatim
419 2906 577 2961 Antimacho
604 2913 630 2960 et
660 2906 840 2971 Callimacho,
874 2909 1072 2963 dernienstrntur
1105 2911 1132 2962 in
1159 2909 1286 2967 Seboliis.

239 2995 305 3050 Nutu
323 2993 351 3048 id
368 3008 435 3066 orgo
457 2990 632 3045 Zenodoteae
649 2991 771 3052 monetae
789 2991 961 3061 putabimus?
1010 2991 1050 3046 lta
1072 2993 1104 3048 de
1123 3011 1177 3050 uss.
1196 2997 1230 3050 ab
1252 2984 1304 3052 eo¹

241 3081 349 3134 reiectis
367 3077 447 3132 semel
468 3083 592 3141 notatur,
620 3095 645 3148 ρ.
667 3079 722 3135 134.
742 3084 767 3130 et
786 3079 921 3145 proximos
940 3077 1007 3131 duos
1026 3081 1105 3133 etiam
1125 3096 1141 3134 a
1160 3080 1285 3138 diriorum

142 3161 146 3166 '
241 3163 360 3232 exemplo
392 3160 535 3230 abluisse.¹
568 3157 673 3214 Addere
703 3161 744 3214 bis
769 3163 850 3214 multa
884 3162 1038 3214 facillimum
1067 3169 1116 3216 est.
1164 3163 1194 3218 A.
1222 3171 1285 3224 216.

242 3246 407 3320 cupudsspov
433 3247 458 3297 lu
478 3244 595 3298 secunda
614 3259 730 3324 porsena
749 3246 894 3314 singularis
914 3247 1014 3299 numeri
1035 3245 1158 3301 adhibuit
1176 3249 1204 3302 Z.
1241 3250 1286 3304 ln-

242 3335 285 3388 ira
316 3331 479 3393 uidebimus,
515 3327 542 3380 id
574 3333 601 3381 et
624 3328 686 3390 aliis
710 3331 798 3396 poetis
824 3328 1013 3383 Alexandrinis
1037 3331 1184 3399 placuisse,
1219 3349 1287 3404 quos

242 3435 319 3478 nomo
348 3417 446 3470 dixerit
470 3413 505 3465 ab
529 3427 581 3464 nno
602 3411 631 3464 Ζ.
650 3411 785 3482 deceptos,
821 3415 859 3472 a.
880 3415 938 3469 dit.
965 3411 1060 3479 Ὀϊλῆα
1078 3418 1146 3470 male
1165 3424 1286 3486 mutavit,

243 3505 381 3574 inquiunt,
400 3503 428 3552 in
444 3496 529 3564 ’[λῆα.
556 3493 659 3550 Statim'
670 3503 697 3550 ot
715 3497 915 3557 huiusftormae
928 3502 1069 3570 'antiquum
1087 3517 1160 3556 usum
1178 3503 1287 3559 demon·

217 3617 222 3626 ·
244 3585 397 3642 strabimus.
438 3583 469 3639 B.
486 3585 546 3640 484.
565 3581 638 3640 dedit
655 3589 776 3636 Μοῦσαι
793 3581 983 3652 βαθύκολποι.
1022 3584 1124 3639 liident
1141 3589 1288 3656 epitheton,

242 3672 278 3726 ab
300 3671 418 3724 Homero
435 3667 565 3722 Barbaria
585 3668 663 3722 modo
682 3669 741 3723 dari
760 3672 876 3726 solitum.
918 3669 952 3723 At
972 3673 1158 3725 auctoritatem
1179 3675 1290 3729 lectioni
1352 3705 1356 3710 -

244 3757 370 3810 conciliat
392 3750 524 3807 Pindarus
543 3751 619 3822 Pptb.
632 3752 656 3807 l.
673 3758 725 3818 23,
758 3769 836 3825 quum
861 3759 977 3809 ueterum
1001 3757 1190 3826 exemplarium
1212 3758 1288 3813 tidem

214 3871 217 3876 ·
243 3847 407 3910 ignoremus.
449 3837 489 3894 De
514 3837 563 3891 bae
590 3844 679 3890 antem
704 3838 883 3908 quaerendum
910 3839 998 3892 tuerat
1020 3841 1172 3904 veteribus,
1198 3845 1287 3912 prius·

243 3939 322 3995 quam
340 3923 473 3978 Zenodoti
492 3926 633 3992 insignem·
644 3923 788 3976 andaciam·
803 3931 829 3978 et
848 3925 1027 3992 ignorantiam
1045 3923 1171 3979 riderent.
1258 3917 1260 3920 ’

311 4006 411 4078 Ἶ-Ιμεΐς
429 4006 483 4080 γὰρ
503 4010 584 4066 κλέος
603 4002 667 4063 οἷον
686 4007 848 4081 ἀκούομεν,
873 4004 943 4058 odde‘
962 4025 988 4058 re
1007 4005 1098 4078 ἴδμεν.
1143 4043 1146 4046 -

248 4091 322 4148 Ntbit
339 4097 454 4157 scimus,
473 4095 526 4146 nist
544 4091 609 4162 qnid
630 4094 657 4144 iu
675 4093 747 4145 itlius
770 4094 925 4168 reeernsioue
942 4090 1037 4146 lectura
1055 4092 1139 4148 tuerit
1153 4095 1232 4162 oltm;
1258 4098 1291 4152 de

246 4175 346 4232 iudicio
366 4179 417 4230 uiri
438 4189 531 4245 parurn
551 4182 671 4240 constat3
690 4177 737 4230 sed
757 4181 817 4246 ipsa
836 4190 878 4228 ros
897 4177 1004 4244 arguit,
1023 4176 1218 4244 plurima-uitia
1233 4197 1291 4234 eum

247 4276 280 4316 ex
312 4260 526 4332 aranaioribuu,
543 4261 661 4316 tontibus
686 4264 914 4329 mamma-caan
936 4261 982 4314 nel
1006 4259 1167 4318 doctissimis
1193 4267 1292 4334 poetis,

145 4373 155 4386 ··
247 4347 341 4416 qualus
361 4343 534 4404 Antimachus
555 4352 582 4400 et
601 4344 779 4403 Callimachus
800 4346 921 4412 luerunt,
947 4348 1121 4416 imponerent.
