2976 4900
223 342 287 410 168
608 343 977 410 PROLEGOMENA.

318 533 476 596 Permirum
502 544 560 608 est,
591 537 620 595 in
647 535 748 616 paucis
777 533 909 614 reliquiis
934 533 995 594 eins
1019 532 1089 594 satis
1111 533 1272 610 argumenti
1295 549 1371 602 esse,

221 642 268 708 ut,
295 635 398 714 quibus
426 635 462 698 de
486 639 572 698 rebus
596 655 656 698 cum
679 636 849 696 Aristarcho
871 636 1062 709 contenderit,
1091 643 1119 696 et
1140 644 1275 713 quantum
1296 633 1341 694 ini
1358 668 1372 677 -

155 751 207 804 278
224 736 286 796 rior
307 736 396 797 iurarit
415 737 483 814 illo,
507 740 649 820 suspicari
670 738 766 800 liceat.
814 738 900 800 Immo
921 738 1027 800 nullius
1047 745 1175 800 ueterum
1201 735 1372 798 Critieorunr

222 839 370 917 ingenium
397 848 425 900 et
452 841 610 904 doctrinam
636 840 719 904 nobis
742 848 798 902 tam
821 839 894 900 bene
915 859 1001 902 nosse
1020 840 1162 916 uidemus,
1193 858 1278 918 quam
1300 839 1374 902 Cra-

222 942 288 1002 tetis
316 941 408 1002 buius.
460 945 503 1004 Ao
533 944 652 1024 primum
682 943 817 1024 quidem,
841 962 931 1022 quum
944 943 1130 1006 Aristarchus
1155 943 1308 1008 Homerum
1334 944 1372 1005 ad

223 1043 431 1125 simplicitatum
449 1047 609 1127 priscorum
632 1053 810 1126 temporum,
834 1062 893 1106 non
917 1044 955 1105 ad
980 1062 1071 1126 nouas
1090 1045 1242 1125 opiniones
1265 1055 1373 1109 temere

223 1145 349 1219 affictas,
375 1145 560 1228 interpretari
587 1147 772 1222 instituisset,
801 1146 903 1209 Grates
926 1145 1042 1208 Stoicus
1065 1145 1180 1224 gloriae
1200 1147 1274 1208 ratis
1297 1147 1373 1208 male

221 1247 336 1309 consuli
364 1249 491 1328 putarit,
529 1249 583 1310 nisi
618 1249 675 1330 ipsi
704 1249 873 1330 multiplices
902 1257 979 1310 artes
1006 1247 1203 1327 Pergamenos
1229 1248 1372 1322 allineret,

223 1369 344 1432 eumque
372 1360 553 1413 conuerteret
577 1353 606 1412 in
635 1351 857 1432 Philosophum,
884 1337 1132 1426 Mathematioum,
1159 1353 1372 1424 Astronomum‚

223 1451 442 1533 Geographum,
479 1461 507 1515 et
541 1453 655 1533 quiduis
689 1455 784 1534 potius
819 1471 905 1533 qnam
939 1453 1018 1534 qnod
1047 1455 1110 1534 ipse
1138 1471 1202 1516 esse
1229 1447 1372 1516 uoluerat,

221 1547 304 1635 Illius
332 1555 447 1635 generis
475 1564 540 1617 sunt
569 1556 728 1642 pleraque,
756 1574 832 1638 quiae
855 1575 892 1620 ex
912 1553 1129 1617 Commentariis
1153 1556 1214 1617 eius
1235 1565 1373 1638 excerpta

221 1657 359 1738 leguntur
380 1659 458 1740 apud
476 1658 664 1733 Strabonem,
691 1658 836 1720 Geminum
857 1667 886 1719 et
909 1658 1129 1732 Grammaticos,
1163 1658 1199 1721 de
1218 1658 1372 1722 Homerico

223 1760 356 1832 Oceano,
387 1761 422 1822 de
444 1763 533 1822 Arcto
556 1779 614 1822 non
635 1762 800 1837 occidente,
835 1762 870 1823 de
891 1761 1081 1841 Aethiopibus
1103 1759 1238 1839 bilariam
1263 1759 1372 1834 diuisis,

222 1863 258 1926 de
290 1863 417 1926 Gadibus
449 1884 467 1926 a
496 1865 635 1925 Menelao
671 1863 936 1942 circumnavigatis,
974 1863 1010 1924 de
1035 1862 1283 1942 Laestrygonibus
1317 1864 1371 1922 sub

222 1965 349 2028 dracone
377 1965 588 2038 habitantibus,
620 1967 655 2028 de
677 1965 824 2039 Eremnis,
841 1965 958 2047 ⁴populo
984 1966 1098 2039 indiae,
1129 1965 1164 2026 de
1197 1966 1371 2046 interpreta-

153 2082 205 2138 279
223 2069 301 2130 bone
322 2061 433 2142 νυκτὸς
450 2068 534 2151 θοῆς
547 2064 613 2153 ⁰⁸t3
642 2077 700 2130 tum
721 2069 825 2130 similia
845 2069 943 2149 inepta
966 2069 1001 2130 de
1023 2069 1174 2148 allegoriis
1197 2068 1371 2143 ialrularnm,

222 2172 258 2234 de
279 2172 416 2254 Apolline
437 2172 536 2234 eodem
557 2190 591 2232 ao
617 2171 703 2246 Sole,
726 2171 922 2246 dellnloano,
945 2171 1131 2251 experimenti
1151 2172 1261 2252 physici
1281 2190 1372 2232 causa

221 2277 251 2335 in
276 2273 412 2338 Lemnum
441 2275 649 2355 praecipitato,
686 2275 722 2337 de
750 2275 871 2336 cultiore
902 2274 979 2336 uictu
1005 2267 1124 2334 heroum
1148 2281 1203 2336 etc.
1218 2267 1270 2348 ὓ9).
1326 2273 1370 2334 De
1479 2351 1480 2366 χ

253 2623 301 2691 68)
319 2622 388 2677 Vide
405 2621 494 2676 Strah.
511 2619 530 2674 l.
556 2639 580 2691 p.
600 2629 624 2678 3.
645 2622 696 2690 (7.)
720 2623 781 2676 coll.
800 2623 924 2693 Apollon,
943 2625 1006 2684 Lex.
1025 2642 1047 2684 r,
1067 2623 1205 2697 ἄμμορον
1230 2637 1285 2676 cunr
1306 2619 1369 2682 Eue,
1478 2655 1479 2683 ,

323 2707 422 2772 Tollit,
453 2708 543 2778 (qoem
568 2713 656 2760 tarmen
682 2711 709 2760 et
728 2708 879 2762 emendatio
897 2712 1037 2763 commenti
1057 2709 1175 2762 Cratetei
1195 2714 1221 2762 et
1240 2715 1366 2763 astrono-

326 2795 392 2846 mica
418 2795 488 2845 ratlo
513 2791 636 2858 scatebit)
667 2798 720 2846 turn
747 2809 771 2862 p.
788 2799 811 2852 5.
835 2794 906 2861 (to.)
922 2801 965 2851 31.
986 2794 1056 2862 (54.)
1075 2801 1117 2852 38.
1134 2794 1204 2862 (56.)
1228 2791 1365 2846 Geminum

322 2874 403 2931 Elem.
423 2877 529 2934 Astron,
549 2891 569 2932 o.
583 2879 606 2932 5.
627 2882 710 2935 et13.
728 2877 816 2930 Sehol.
836 2878 870 2930 ud
889 2877 919 2932 lt.
946 2897 971 2932 o.
985 2881 1047 2936 496.
1071 2877 1189 2937 Eustatb.
1208 2879 1241 2931 ud
1266 2898 1290 2930 κ.
1306 2884 1366 2936 394.
1477 2899 1478 2934 l

321 2978 348 3030 p.
364 2963 423 3016 ert.
443 2970 486 3018 20.
511 2962 544 3014 ad
571 2961 665 3034 Odyss.
685 2961 774 3015 Sobol.
801 2969 826 3028 β.
847 2973 870 3018 1.
891 2966 916 3015 ot
935 2960 1055 3016 Eustath.
1082 2963 1108 3015 δ.
1127 2967 1170 3022 84.
1197 2981 1221 3032 p.
1243 2965 1317 3020 rtet.
1341 2972 1364 3017 ι.

321 3063 344 3097 κ.
363 3049 406 3098 82.
439 3061 465 3114 p.
485 3048 559 3102 1649.
577 3051 619 3100 33.
657 3063 678 3101 n,
696 3049 757 3100 299.
781 3043 863 3113 Etpm.
881 3043 919 3098 M.
946 3063 969 3113 p.
986 3053 1044 3103 370.
1061 3049 1105 3102 43.
1154 3047 1263 3100 Prnitus
1287 3050 1365 3100 noris

320 3129 468 3194 bominem,
503 3132 526 3181 si
553 3128 585 3180 ad
612 3131 664 3181 ista
688 3129 750 3184 loca
768 3131 892 3183 conteras
909 3129 1000 3183 strab.
1018 3129 1062 3186 lll.
1087 3147 1114 3200 p.
1136 3134 1207 3196 157,
1237 3131 1283 3185 nbi
1303 3137 1364 3184 tan-

320 3227 398 3285 quam
419 3217 544 3284 princeps
563 3219 723 3266 memoretur
738 3231 847 3280 eorum,
871 3216 916 3284 qni
938 3211 989 3280 thr
1005 3211 1130 3287 Ὁμήρου
1149 3220 1270 3282 ποίησιν
1289 3214 1365 3288 πρὸς
1475 3279 1476 3297 ¹

319 3296 619 3371 ἐπιστημονικὰς
641 3297 850 3359 ὑποθέσεις
874 3300 1008 3372 ἔτρεψαν.
1048 3298 1078 3354 ln
1102 3307 1258 3354 lrausottrsu
1283 3304 1363 3356 etiarn

318 3385 391 3438 illius
418 3400 512 3448 unum,
546 3384 618 3454 quod
641 3391 778 3452 superest,
811 3380 957 3453 exemplum
984 3382 1090 3444 λύσεως
1114 3385 1256 3438 afferamus
1283 3386 1315 3438 do
1336 3388 1365 3446 ΙΙ,

319 3485 345 3523 σ.
364 3471 423 3525 192,
468 3467 506 3520 lbi
532 3467 602 3536 quod
625 3467 743 3522 Achilles
767 3475 848 3537 negat
873 3484 902 3520 se
929 3484 1050 3540 pugnare
1074 3485 1168 3538 posse,
1199 3473 1262 3538 qnia
1287 3485 1364 3524 amna
1474 3521 1475 3526 ,

318 3555 370 3607 sibi
395 3553 486 3606 ablata
511 3559 615 3615 essent,
645 3567 730 3623 neque
756 3555 836 3606 ullius
859 3553 964 3618 herois,
992 3554 1045 3605 nisi
1070 3552 1140 3608 forte
1158 3555 1265 3619 Aiacis,
1297 3563 1363 3626 apta

318 3639 423 3703 lutura,
452 3636 620 3706 quaerebant
644 3637 823 3697 tvnnarraot,
853 3653 900 3691 eur
924 3653 977 3691 nou
1003 3653 1077 3692 arma
1096 3638 1213 3704 Patrocli
1230 3644 1361 3709 sumpsis-

315 3729 372 3788 set,
397 3724 498 3792 aliique
517 3721 571 3774 alio
590 3721 669 3774 ruodo
688 3736 797 3792 grauem
817 3725 920 3776 seilicet
939 3721 1118 3776 difficultatem
1136 3724 1275 3780 tollebant.
1313 3724 1362 3779 llic
1473 3757 1474 3770 ,

315 3807 410 3865 Crates
426 3807 515 3870 linxit,
542 3806 648 3874 (dirixit,
669 3810 791 3876 inquam:
818 3821 878 3860 nam
895 3808 941 3860 ubi
959 3805 1089 3862 Homeros
1110 3813 1274 3878 stratagema
1292 3809 1362 3862 illud

313 3893 347 3946 ad
373 3891 441 3946 hunc
464 3891 568 3946 modum
586 3893 791 3963 persequitnri)
834 3891 953 3946 Patrocli
973 3905 1047 3944 arma
1065 3894 1117 3944 ianr
1136 3891 1360 3948 Automedontem

314 3977 441 4032 induisse.
486 3976 547 4030 Nou
571 3977 639 4030 uidit
664 3993 731 4046 ergo
750 3981 791 4032 vir
810 3978 945 4038 acutulus,
976 3973 1008 4028 de
1025 3979 1132 4046 integro
1152 3978 1204 4030 iarn
1224 3991 1360 4046 quaeren-

312 4061 371 4114 dum
396 4077 471 4124 esse,
500 4076 548 4115 cur
565 4077 619 4116 non
637 4059 753 4116 Achilles
772 4061 887 4132 denique
906 4057 1109 4116 Automedontis
1129 4060 1278 4127 induisset,
1305 4061 1361 4114 sibi

311 4159 397 4216 aeque
414 4146 482 4199 bene
500 4160 616 4200 sessura.

229 4209 288 4311 Ι69)
310 4241 377 4297 Vide
396 4241 528 4298 heraclid.
546 4242 634 4314 Alleg.
654 4243 727 4300 liora
749 4260 770 4298 c.
788 4251 830 4304 27.
848 4242 936 4299 Sebol.
958 4244 991 4298 od
1012 4243 1043 4300 11.
1064 4260 1088 4298 σ.
1106 4251 1166 4306 239.
1186 4242 1308 4298 Eustatb.
1332 4260 1357 4313 p.

313 4330 385 4382 1140.
405 4332 447 4386 47.
468 4345 493 4398 p.
514 4332 588 4386 1893.
616 4338 636 4383 1.
