2976 4900
195 335 255 402 rat
585 303 948 392 rcoccconann.

191 532 293 588 namet
311 521 426 603 aliquid
441 519 555 598 insigne
570 513 728 578 srrbiecisse
747 518 868 592 pactae,
895 518 945 573 aut
965 530 984 572 a
1006 528 1038 572 se
1052 512 1227 592 compositos
1244 529 1350 574 uersus

195 627 366 690 inculcasse.
417 622 514 698 Atque
541 617 570 678 id
598 616 644 676 -ab
672 615 724 676 illo
753 632 811 675 uon
841 631 905 676 esse
924 614 1048 687 iactum,
1078 615 1164 676 etium
1193 615 1351 678 verisimile

197 739 240 792 est
262 737 382 811 propter
404 743 454 798 ea,
480 738 555 802 quae
578 719 613 780 de
635 718 754 795 ingenio
775 718 836 778 eius
860 716 1000 795 diximus,
1024 726 1093 798 apto
1114 718 1166 782 illo
1185 718 1301 798 quidem
1324 727 1354 780 et

198 837 266 896 trito
295 827 455 893 indicandis
483 823 679 895 carminibus,
709 821 788 882 barad
818 819 989 882 scribendis,
1040 819 1159 900 ltaque,
1192 830 1223 881 nt
1255 824 1355 883 omnia

200 954 308 998 somma
336 933 427 993 tribus
465 926 562 987 uerbis
593 923 783 1004 complectar,
822 923 1009 984 Aristarchus
1031 921 1079 998 id,
1115 922 1194 1001 qnod
1227 924 1355 986 andacia

201 1038 290 1100 aetati
312 1051 383 1095 snae
407 1030 545 1112 propria,
569 1035 657 1107 atque
680 1027 755 1090 adeo
776 1026 820 1088 rei
843 1031 1060 1105 consentanea,
1074 1025 1222 1104 ,nimiaque
1242 1027 1357 1089 sobrie·

201 1150 260 1202 tate
280 1135 418 1199 acuminis
441 1132 578 1211 deliquit,
600 1130 770 1210 peccavisse
790 1129 909 1192 iidetcr
926 1126 1070 1203 religione
1091 1136 1118 1188 et
1138 1145 1209 1190 cura
1229 1137 1257 1190 et
1277 1131 1356 1192 omni

203 1241 353 1311 cautione,
383 1239 419 1296 n'e
449 1234 606 1316 quidquam
635 1233 664 1293 in
690 1232 851 1313 exemplum
877 1248 961 1292 suum
983 1229 1160 1305 admitteret,
1190 1231 1247 1292 uisi
1275 1233 1356 1312 quod

203 1319 374 1408 conadaco
398 1347 449 1400 aut
470 1319 549 1400 corte
569 1335 686 1417 priscae
708 1342 839 1396 monetae
862 1341 946 1396 esset.

305 1443 494 1505 llerertamur
516 1437 553 1498 ad
575 1439 764 1517 propesitum.
808 1437 860 1496 Est
880 1435 952 1497 enim
974 1434 1135 1514 reliquum,
1158 1442 1190 1495 ot
1215 1435 1250 1497 de
1272 1427 1358 1496 dda-

204 1545 292 1634 τὴσει
314 1541 475 1608 Aristarchi
496 1540 616 1620 proprie
640 1537 775 1600 edicamus.
819 1538 988 1599 Macrobius
1004 1537 1126 1628 ‘quidem
1149 1539 1264 1612 scribit,
1298 1539 1359 1599 tria

206 1656 278 1715 haec
302 1663 456 1726 exaequo
480 1641 671 1723 impossibilia
699 1641 837 1713 iudicari,
869 1638 916 1702 tel
938 1638 997 1700 lori
1018 1637 1142 1716 irdmen,
1171 1639 1218 1702 tel
1238 1641 1360 1704 Herculi

208 1756 335 1825 claram„
356 1749 402 1810 rel
424 1765 539 1810 uersum
560 1745 686 1806 Homero
708 1745 878 1805 subtrahere
896 1735 948 1816 ⁵³).
997 1741 1061 1803 lloc
1089 1743 1114 1802 is
1145 1751 1240 1818 recte,
1269 1763 1359 1805 seusu

207 1857 260 1920 illo
290 1871 348 1936 quo
378 1848 465 1910 elicit:
502 1849 553 1910 sed
579 1863 732 1928 perperam
761 1844 936 1906 transfertur
957 1841 996 1904 ad
1017 1845 1092 1906 hanc
1117 1847 1258 1908 rationem
1279 1847 1361 1909 criti-

210 1977 280 2020 cam.
331 1952 394 2014 Neo
421 1951 480 2014 iam
498 1951 605 2032 loquor
628 1947 663 2009 de
685 1948 833 2018 uersibus,
865 1964 940 2026 qnos
963 1947 1067 2008 dudum
1092 1944 1269 2011 oblitteravit
1292 1951 1362 2014 cri-

206 2061 314 2125 starchi
336 2057 478 2119 recensio.
534 2051 681 2114 Subtracti
703 2057 769 2110 scrut
790 2049 851 2124 illi3
891 2048 1032 2110 Homerus
1054 2068 1160 2130 passus
1182 2058 1242 2124 est3
1275 2069 1362 2114 cerco

207 2141 301 2228 sentit.
352 2157 413 2221 Sed
441 2153 550 2219 nrrllrrm
578 2163 621 2216 est
650 2153 765 2214 omniuo
793 2169 885 2230 genus
910 2153 1095 2234 scriptorum,
1126 2154 1171 2213 cni
1194 2153 1309 2216 facilins
1332 2163 1363 2216 et

210 2287 273 2332 curn
300 2265 410 2326 minore
438 2258 588 2340 dispendio
613 2255 817 2318 sententiarum
839 2253 949 2333 aliquid
970 2253 1042 2315 decri
1065 2256 1175 2335 possit,
1210 2275 1295 2336 qnam
1316 2257 1362 2318 bis

141 2383 193 2438 269
211 2363 350 2442 ἀοιδοῖς,
385 2364 491 2442 quippe
512 2377 633 2439 quorum
653 2357 747 2418 oratio
769 2355 887 2418 irruenili
904 2357 1038 2416 obertate
1059 2373 1113 2436 per
1134 2358 1241 2438 longas
1262 2361 1363 2422 amba-

210 2489 263 2553 ges
291 2466 457 2538 deducitur,
488 2471 515 2522 et
545 2459 622 2544 apud
652 2476 725 2550 qnos
753 2476 842 2539 saepe
871 2457 990 2530 leriam,
1021 2457 1060 2518 ad
1089 2469 1217 2521 uostrnm
1246 2462 1363 2541 quidem

210 2591 338 2642 sensam,
370 2588 405 2631 oc
439 2567 614 2628 minutamrm·
640 2581 736 2625 rerum
770 2565 867 2642 imago
905 2562 1006 2640 spirat.
1064 2561 1165 2641 Neque
1199 2558 1279 2646 apud
1310 2584 1363 2628 eos

211 2673 426 2757 comprehensio
460 2677 488 2732 et
519 2669 640 2728 ambitus
678 2665 830 2727 verborum
858 2664 900 2724 sic
929 2663 1097 2724 terminatur
1127 2665 1298 2740 artiitclose,
1331 2677 1364 2729 ut

210 2776 387 2861 perpetuitas
411 2779 560 2834 contextus
582 2769 702 2830 tollatur
722 2768 835 2848 ‹lempto
857 2767 957 2846 aliquo
981 2767 1141 2842 versiculo;
1170 2771 1239 2849 quic
1260 2781 1364 2832 contra

210 2883 252 2943 ita
279 2895 484 2956 nonnumquam
512 2874 549 2936 ad
580 2873 680 2935 doctas
707 2889 794 2932 aures
822 2871 936 2948 gratior
963 2871 1053 2930 currit
1089 2873 1240 2934 sententia.
1300 2873 1362 2936 Sed

210 2983 280 3044 nolo
305 2997 379 3040 ntruc
399 2992 503 3039 causas
525 2977 609 3035 huius
630 2973 751 3035 rationis
775 2971 944 3034 emendandi
965 2974 1117 3054 persequi3
1143 2973 1212 3053 qnid
1232 2975 1364 3038 Aristar-

211 3084 265 3145 cho
286 3079 445 3163 placuerit,
466 3077 641 3138 breviaret
662 3075 828 3157 simpliciter
848 3073 968 3136 tradam.

311 3181 464 3244 Enimvero
495 3179 615 3261 primum
642 3178 726 3239 cobis
755 3177 820 3239 locs
847 3175 1031 3256 indagandus
1056 3186 1114 3254 est,
1143 3177 1220 3240 unde
1241 3167 1364 3264 ἀθετή-

212 3305 293 3359 σεως
315 3285 446 3366 exempla
466 3292 606 3364 petamus.
658 3279 788 3360 Namque
813 3280 992 3342 celeberrimi
1013 3281 1091 3343 illics
1113 3282 1190 3345 obeli
1212 3291 1270 3344 tam
1292 3303 1365 3346 raro

211 3389 336 3466 uestigia
362 3394 478 3449 exstant
507 3386 560 3449 sub
588 3385 750 3447 Aristarchi
775 3384 904 3458 comice,
934 3393 966 3445 ut
992 3395 1133 3464 congesta
1161 3404 1197 3447 ex
1225 3385 1363 3460 Scholiis,

213 3510 250 3552 ex
271 3490 437 3562 Eustathio,
465 3505 505 3550 ex
525 3488 644 3568 reliquis
667 3487 871 3569 scriptoribus,
901 3487 998 3549 ornuia
1018 3489 1068 3550 rix
1087 3489 1207 3568 triginta
1228 3490 1364 3552 uersibus

212 3593 405 3672 suspicionem
431 3593 592 3670 importent.
651 3587 696 3648 Ea
722 3605 770 3649 res
802 3606 846 3649 me
874 3589 1046 3671 pedetentim
1075 3591 1197 3652 adduxit
1225 3592 1255 3652 iu
1287 3593 1364 3654 hauc

212 3693 390 3776 opinionem,
413 3699 446 3752 nt
466 3689 553 3752 hodie
573 3679 747 3773 ἀθετήσεις
765 3690 916 3753 clarissimi
933 3689 1141 3766 Critici,crrrlto
1163 3695 1279 3775 saepius
1301 3694 1365 3774 legi

215 3875 522 3890 ω

315 3991 377 4045 olla
402 3992 501 4047 scisset
535 3992 575 4046 οὐ
610 3993 677 4069 γὰρ
705 3996 751 4052 ἂν
777 3996 867 4050 αὐτὸ
891 3993 1192 4067 ἀπαραμύθητον
1215 3995 1233 4048 ὁ
1266 3994 1362 4069 Ἀρ(-

315 4091 355 4128 στ
365 4095 407 4147 rep
413 4098 434 4146 χ
444 4096 483 4136 ος
502 4075 662 4149 ἀφῆκεν,
686 4099 741 4134 noc
757 4085 901 4135 relicturos
919 4081 1014 4146 fetaret
1033 4081 1101 4132 tttad
1118 4083 1177 4133 sine
1194 4083 1296 4133 medela
1316 4092 1365 4134 nott

313 4163 438 4226 fomento.
475 4161 584 4218 licctcm
606 4163 657 4218 hcc
676 4173 717 4218 est
737 4172 764 4218 et
783 4170 913 4220 retnstcrn
931 4164 1075 4232 Scholion,
1101 4165 1149 4220 scd
1171 4170 1244 4220 curias
1265 4174 1364 4220 auctor

312 4249 411 4300 textum
429 4243 580 4302 Aristarchi
598 4265 651 4303 noc
672 4249 784 4306 uiderat.

245 4339 292 4407 63)
309 4337 417 4395 Satura.
440 4341 475 4406 V,
493 4349 518 4398 3.
