2976 4900
197 324 260 392 100
581 316 957 394 raonboobtllbs

196 514 249 576 tbii
268 512 393 586 amicus,
421 516 449 584 et
466 507 656 590 Nicepboms.
676 505 843 585 Gregoras,
871 504 922 566 ille
950 512 1102 584 utrumque
1132 498 1269 577 dunen,
1299 503 1352 566 bic

197 615 308 696 Ulyssis
332 629 447 676 errores
469 610 643 693 explicabat.

695 829 845 912 xxxro.
898 877 902 883 ·
962 787 965 796 ’
1084 787 1089 794 ’

302 1023 363 1087 Sed
386 1022 423 1084 de
444 1021 569 1101 antiquis
590 1018 649 1080 illis
670 1015 861 1096 (redeundum
873 1014 1045 1090 enimnobis
1061 1032 1112 1088 eo,
1134 1014 1211 1076 unde
1223 1009 1358 1093 digressi

201 1127 327 1204 snmus‚)
362 1141 465 1206 parunt
489 1127 618 1208 constat,
645 1118 800 1198 ¹quomodo
828 1117 949 1196 reliquis
976 1117 1141 1199 interpretis
1172 1118 1262 1179 iuncti
1293 1118 1359 1178 sint

201 1232 316 1296 oficiis.
361 1227 475 1308 Quippe
497 1241 548 1286 eos
570 1239 629 1284 non
649 1221 680 1280 in
700 1238 765 1302 oua-
778 1221 836 1282 ista
855 1235 888 1280 re
907 1209 1025 1300 operam
1044 1220 1166 1297 lusisse,
1192 1221 1244 1283 sed
1266 1222 1359 1285 etiarn

202 1343 293 1400 artem
314 1338 420 1414 potitae
451 1335 480 1390 et
506 1325 568 1388 alia
591 1322 734 1404 quaedam
755 1319 904 1383 illustrare
924 1339 1085 1400 aggressos
1116 1342 1195 1399 esse,
1220 1342 1262 1408 ex
1282 1323 1360 1386 Pla-

201 1438 279 1519 touis
301 1436 373 1498 lona
394 1440 423 1495 et
443 1426 623 1492 memorabili
644 1425 770 1508 quodam
790 1425 857 1488 loco
881 1424 1047 1486 Aristotelis
1069 1421 1210 1502 coniicit,
1238 1428 1268 1487 in
1292 1445 1359 1508 quo
1412 1425 1417 1434 ”

203 1531 244 1600 oi
264 1529 435 1618 ἀρχαῖοι
460 1523 671 1613 Ὁμηρικοὶ
692 1538 844 1603 notantur,
868 1537 1004 1607 tauqnum
1026 1529 1133 1590 nobilis
1155 1528 1228 1591 ordo
1245 1521 1362 1591 'docto-

203 1658 266 1702 rum
278 1638 437 1712 hominum,
458 1635 488 1696 in
509 1632 703 1694 minutissimis
716 1633 893 1695 haerentium
906 1631 991 1710 qnasi
1003 1630 1203 1694 Mnsorethica
1216 1649 1287 1692 nura
1299 1625 1358 1706 ²⁹).

307 1737 412 1802 Paullo
434 1735 536 1798 melius
558 1741 653 1796 aetate
672 1731 792 1797 Periclis
814 1735 845 1794 in
865 1734 1104 1814 interpretatione
1122 1733 1239 1796 Homeri
1251 1734 1358 1796 elabo-

205 1859 290 1908 rasse
317 1840 451 1902 ridentur
477 1836 649 1918 sophistae,
685 1836 735 1916 quui
768 1837 879 1911 omnia,
916 1854 992 1916 qnae
1020 1845 1079 1897 tum
1115 1835 1232 1898 liberali
1257 1835 1358 1898 studio

207 1943 298 2023 digna
316 1940 515 2014 labebantur,
544 1938 583 2000 ad
606 1913 787 2022 disciplinam
814 1957 896 2000 snam
915 1939 1050 2018 redigere
1072 1938 1167 2014 soliti,
1197 1957 1235 2001 ne
1256 1956 1359 2018 gram

203 2045 310 2108 matina
339 2041 454 2124 qudem
481 2047 639 2122 praecepta
671 2048 699 2103 et
726 2040 897 2122 optimorum
930 2049 1081 2122 poetarum
1111 2042 1263 2104 lectionem
1298 2042 1359 2104 sibi

204 2144 411 2228 negligendam
438 2150 622 2224 putaverunt.
673 2143 718 2205 lta
748 2143 902 2206 Prodicum
938 2145 1060 2223 legimus
1086 2144 1133 2208 ¹de
1165 2145 1242 2207 ueris
1271 2151 1360 2225 pote-

205 2249 328 2310 statibus
363 2243 572 2309 vocabnlorum
610 2251 639 2307 et
673 2245 769 2307 causis
809 2262 909 2307 earum
944 2246 1088 2308 subtiliter
1122 2245 1285 2329 disputasse
1300 2239 1359 2326 ³⁰),

138 2361 189 2417 not
206 2351 332 2430 itemque
352 2346 545 2426 Protagoram
568 2355 596 2408 et
616 2345 719 2408 Eleum
738 2345 872 2427 Hippiam
892 2365 929 2408 ea
949 2348 1038 2429 plane
1051 2349 1207 2413 instituisse
1219 2356 1359 2438 tractare,

207 2470 284 2535 spone
320 2450 444 2533 propria
482 2456 548 2511 snut
584 2448 688 2511 doctae
721 2451 967 2531 interpretationis
984 2445 1036 2528 ³¹).
1102 2450 1194 2527 Quam
1231 2444 1360 2514 feliciter

205 2553 265 2628 illi,
305 2567 448 2634 quaerere
477 2549 549 2612 nibil
584 2549 694 2615 attinet.
752 2551 825 2615 Nam
859 2555 944 2635 primi
974 2561 1094 2616 conatus
1127 2553 1202 2618 tales
1239 2573 1288 2619 res
1317 2555 1360 2618 ad

205 2654 439 2738 praeceptionem
474 2653 546 2716 artis
582 2654 739 2717 revocandi
778 2657 864 2721 adeo·
890 2664 957 2718 sont
997 2655 1143 2732 difficiles,
1175 2667 1207 2720 ut
1239 2659 1358 2720 summis

210 2755 336 2835 ingeniis
362 2755 393 2815 in
418 2753 456 2817 iis
489 2755 550 2816 labi
578 2756 665 2819 liceat
694 2760 831 2836 honeste,
866 2777 942 2840 quae
971 2776 1033 2822 nno
1062 2759 1180 2822 saeculo
1211 2770 1280 2843 post
1306 2762 1359 2824 six

206 2860 317 2922 tirones
340 2858 468 2939 vimpune
504 2858 649 2921 nesciant¹
703 2861 768 2937 Quo
804 2880 842 2925 ex
870 2879 979 2942 genere
1010 2861 1083 2923 illnd
1112 2869 1170 2938 est,
1207 2864 1285 2943 quuod
1320 2863 1358 2925 de

206 2979 262 3022 usn
285 2959 451 3040 inperativi
473 2959 550 3020 modi
580 2962 734 3025 uerborum
754 2966 896 3046 praecipit
914 2963 1114 3043 Protagoras,
1129 2965 1359 3046 reprebendens
1470 3022 1475 3033 .

206 3067 336 3145 poetam,
366 3059 446 3139 qnod
466 3061 582 3126 illusam
604 3064 798 3128 immodestius
818 3068 970 3130 imrocarit.
1020 3067 1155 3149 Hippiam
1174 3053 1247 3129 sero
1272 3067 1359 3128 etiam

206 3164 238 3228 iu
259 3163 320 3226 suis
341 3153 537 3236 ἐπιδείξεσιν
557 3164 636 3245 apud
652 3166 802 3231 Platonem
823 3172 853 3231 in
874 3172 1045 3250 cognomine
1062 3169 1181 3248 dialogo
1204 3169 1246 3230 ita
1259 3169 1360 3251 dispn-
1470 3136 1475 3159 ¹

207 3273 315 3332 nutem
336 3263 465 3329 ridemus
488 3265 525 3328 de
547 3266 672 3332 Homero
695 3271 820 3354 aliisque
839 3275 959 3355 poetis,
986 3282 1018 3338 nt
1045 3274 1083 3337 ad
1106 3273 1300 3336 dubitationes
1331 3281 1360 3335 et
1467 3260 1473 3275 '

209 3435 512 3452 ffl-

242 3547 293 3616 29)
312 3545 466 3618 Matapbys.
490 3550 550 3606 llll.
574 3570 600 3623 p.
625 3559 686 3614 450.
713 3557 744 3614 B.
769 3551 864 3616 baral.
884 3561 973 3631 (xlv.
999 3563 1081 3628 eutr.)
1107 3561 1176 3616 Puto
1205 3561 1274 3612 enim
1301 3572 1359 3612 cnm

311 3629 472 3700 Sylbnrgio,
507 3634 593 3692 locum
621 3637 691 3695 bnuc
722 3643 754 3698 dc
786 3645 1011 3711 insecutoribus.
1038 3644 1151 3712 noudc
1175 3643 1360 3704 imitatoribus

310 3714 422 3855 gomeri
441 3717 643 3818 iptelligeudnm
663 3740 742 3782 esse„
775 3727 820 3783 Sic
847 3738 874 3785 et
899 3729 1023 3786 Eustatlr.
1046 3748 1074 3801 p.
1100 3733 1160 3786 260.
1190 3729 1266 3798 ponit
1292 3724 1362 3786 τοὺς

339 3815 486 3874 poppaucus.

241 3883 290 3952 30)
309 3882 387 3938 Plato
407 3883 511 3943 comm.
529 3906 556 3959 p.
576 3879 635 3951 163.
656 3892 687 3948 D.
706 3894 779 3950 Meu.
799 3915 825 3968 p.
843 3903 886 3959 75.
904 3899 934 3954 E.
971 3877 1072 3971 G'ratpl.
1088 3917 1116 3970 p.
1135 3903 1195 3961 384.
1215 3896 1247 3954 Β.

242 3971 292 4042 31)
312 3970 351 4024 De
370 3968 525 4042 Protagora
541 3991 566 4031 r.
587 3975 700 4034 Aristot.
719 3979 795 4036 Poet.
815 3986 857 4039 19.
894 3983 995 4043 Contra
1014 3986 1085 4056 qnod
1104 3988 1248 4057 scripsisse
1262 3983 1362 4038 delude

309 4051 521 4126 Grammaticos,
550 4071 668 4132 arguunt
684 4063 784 4119 Scholl.
810 4073 837 4120 et
861 4065 935 4132 Eust.
961 4087 988 4139 p.
1009 4077 1056 4128 lo.
1086 4069 1137 4144 3De
1162 4068 1261 4139 Hippia
1288 4066 1360 4122 Plau

307 4135 385 4207 Hipp-
403 4137 436 4193 ll.
456 4159 496 4212 pr.
518 4143 572 4199 Cic.
593 4147 626 4202 de
646 4146 694 4202 Or.
713 4146 769 4215 111,
790 4155 849 4216 32,
876 4150 923 4205 nbi
941 4153 983 4207 illl
1000 4153 1130 4209 tribuitur
1149 4155 1270 4226 cognitio
1289 4159 1360 4224 poe,

307 4225 615 4362 ssrrppn,An;nirerseqna
634 4230 666 4286 dc
686 4231 821 4304 Sophistis
845 4233 958 4292 lsoorat.
983 4236 1131 4296 Panatbcn.
1156 4257 1183 4311 p.
1207 4237 1269 4297 tao.
1295 4241 1361 4297 446.

333 4345 339 4360 .
385 4342 394 4361 .
454 4323 513 4378 ger.
779 4325 782 4332 '
