2944 4900
513 319 882 402 ruocaccnaun.
1096 383 1102 389 .
1250 337 1282 414 7¹

112 507 268 582 clunibus,
302 507 429 572 moribus
462 518 490 570 et
516 508 593 571 omui
624 508 766 588 sentiendi
800 518 828 574 et
852 512 1001 591 cogitandi
1024 521 1125 578 terme
1150 537 1272 602 reprae·

111 621 226 692 sentet3
258 611 380 692 nequid
402 611 439 674 de
451 612 581 674 aucurio
600 628 745 690 nugarum
758 612 907 676 doctanrm
928 622 957 676 et
969 614 1149 681 indoctarum
1168 620 1269 700 dicann
1287 631 1321 683 13
1399 688 1407 703 s

111 733 171 796 qao
196 715 273 776 lraec
295 730 414 794 quoque
435 711 556 782 Scholia
575 731 678 776 aeram
699 733 781 776 suum
803 723 954 780 testantur.

215 817 332 893 Quare,
365 823 398 875 nt
423 833 499 876 nunna
524 833 557 876 se
585 833 633 876 res
653 815 755 892 hahet,
783 835 821 879 ex
844 837 901 900 qno
926 818 1103 882 Graecorum
1132 840 1168 886 ac
1187 797 1274 886 Lati-⁸

110 937 216 980 norum
237 917 353 994 litterae
373 918 403 978 in
422 917 593 998 popularem
605 935 708 998 gyrum
721 923 847 984 coartari
861 930 1034 1006 coeperunt,
1057 922 1144 986 ualde
1165 943 1270 988 ueren-

110 1021 177 1082 dum
198 1030 264 1096 est,
291 1039 328 1084 ne
351 1019 447 1100 operi,
477 1019 556 1100 quod
577 1021 698 1082 maxime
720 1020 814 1084 delicit
837 1023 867 1083 in
894 1023 945 1098 iis,
973 1042 1049 1104 quae
1074 1025 1165 1106 uulgo
1187 1029 1267 1109 cupi·

109 1125 230 1187 dissinw
254 1122 454 1204 acquirimus*
480 1123 531 1186 uin
554 1122 646 1204 aliqui
667 1123 836 1202 confingant
863 1126 1064 1206 elonginquo
1086 1139 1267 1205 uenerantes,

109 1226 239 1288 lectores
260 1224 410 1306 perpauci.
453 1223 563 1304 -Neque
584 1224 629 1299 id,
657 1233 690 1288 ut
710 1225 797 1289 hodie
823 1228 906 1310 loqui
929 1228 1038 1304 solent,
1067 1227 1129 1310 legi
1149 1239 1265 1312 potest;

111 1328 233 1396 assidue
262 1328 398 1402 uacum,
426 1327 542 1402 excuti,
573 1344 638 1388 cum
663 1326 784 1408 reliquis
815 1333 964 1406 omnibus,
998 1332 1101 1410 quibem
1137 1342 1266 1396 uetustas

108 1429 258 1512 pepercit,
288 1429 424 1490 subsidiis
449 1429 565 1492 curiose
584 1427 714 1493 conlerri
731 1434 836 1510 poscit.
888 1433 1053 1516 Quodque
1079 1432 1143 1514 quis
1163 1435 1266 1500 iacent

108 1533 347 1606 suessiones
366 1532 460 1610 magis
473 1531 620 1610 intelligat
640 1539 771 1614 oportet,
792 1552 830 1596 ex
849 1543 957 1615 quanto
979 1535 1135 1615 nauriragic
1157 1539 1187 1600 in
1207 1539 1264 1602 hoc

108 1637 260 1700 doctrinae
282 1634 354 1702 urbe
374 1651 462 1714 quam
482 1651 578 1714 pauca
598 1634 636 1696 ad
658 1653 712 1696 uos
733 1635 872 1718 perlapsa
891 1637 1056 1716 fragmenta
1076 1639 1150 1714 sint,
1170 1640 1263 1704 instar

106 1739 271 1802 turmarum
290 1737 404 1816 aliquot
429 1754 467 1798 ex
490 1735 667 1800 bibliotheca
692 1739 812 1817 ingenti.
865 1737 931 1814 Qua
959 1738 995 1800 de
1025 1757 1057 1800 re
1084 1749 1204 1820 postca,
1236 1745 1261 1804 si

105 1843 199 1907 locum
224 1841 262 1902 de
281 1839 451 1902 Homericae
468 1839 601 1921 lectionis
626 1839 754 1902 lontibus
782 1839 926 1918 attigero,
952 1837 1084 1920 pluribus
1110 1841 1261 1906 dicendum

106 1947 165 2008 eric
214 1943 276 2006 Sed
298 1941 427 2024 quamuis
454 1959 491 2002 ne
512 1941 597 2004 unius
619 1944 733 2024 quidem
760 1943 916 2016 celebrium
941 1940 1113 2006 Criticorum
1131 1954 1260 2008 ueterum

105 2049 236 2128 integras
248 2045 512 2108 animaduersiones
528 2054 579 2107 aut
592 2047 790 2117 recensionem
805 2061 1025 2124 recuperemus,
1048 2065 1121 2126 quas
1138 2057 1259 2131 propter
1307 2097 1310 2100 .

104 2150 201 2214 numm
224 2165 330 2212 causas
358 2149 427 2213 milri
446 2148 602 2210 uerisimile
630 2166 689 2212 uon
719 2156 778 2222 est,
805 2143 932 2222 genetiuo
963 2160 1016 2202 suc
1045 2148 1145 2208 babitu
1170 2150 1201 2208 in
1222 2151 1257 2214 V.

106 2261 131 2314 et
153 2253 203 2316 Vl.
225 2251 374 2314 saeculum
394 2251 586 2334 perdurasser
619 2250 785 2332 passimque
803 2247 833 2308 iu
852 2243 974 2323 uulgato
994 2253 1074 2310 textu
1095 2250 1258 2331 scripturae

105 2357 158 2418 sint
178 2357 247 2438 iure
271 2362 439 2436 suspectae,
461 2371 534 2433 quas
556 2355 640 2416 nobis
663 2354 744 2417 narlla
757 2349 868 2416 notatio
882 2347 1032 2425 sollicitet3
1062 2350 1121 2412 alia
1134 2370 1256 2434 prorsus

107 2459 237 2533 deserta,
268 2475 346 2538 quae
373 2476 392 2518 a
419 2457 565 2525 ueteribus
594 2455 707 2542 diverse
735 2455 882 2528 illustrata
915 2469 980 2512 esse
1002 2452 1120 2514 aliunde
1143 2451 1256 2516 discere

104 2562 148 2622 rel
169 2561 317 2642 suspicari
338 2559 441 2628 liceat;
477 2577 564 2639 quum
585 2559 740 2634 uecordia,
765 2575 841 2638 quae
862 2557 1018 2636 interprete
1041 2573 1099 2616 non
1122 2557 1257 2636 egebant,

20 2653 22 2658 ’
105 2665 208 2726 obruat
231 2661 322 2726 moles
343 2663 627 2730 commentariorum:
661 2659 714 2720 sed
743 2661 873 2739 quamuis
897 2660 969 2720 baec
993 2666 1021 2719 et
1045 2659 1156 2720 maiora
1180 2657 1256 2720 desi-

104 2768 201 2844 deres,
234 2777 329 2836 tamen
351 2783 466 2839 eorum,
497 2780 573 2843 quae
595 2760 696 2835 docte,
725 2770 826 2836 acute,
851 2760 1004 2838 ingeniose
1032 2767 1148 2830 notata,
1179 2777 1255 2838 qnae

102 2873 209 2934 utiliter
224 2869 435 2942 ¹turiuruaduersa
456 2875 506 2928 ant
527 2883 566 2926 ex
578 2863 776 2944 antiquissimo
793 2880 866 2928 aeuo
886 2868 1053 2943 propagata
1072 2867 1155 2934 sunt,
1179 2858 1253 2921 adeo
1272 2862 1307 2915 14

104 2983 223 3056 superat
260 2971 362 3053 copia,
395 2978 426 3031 ut
459 2968 583 3049 quisque
618 2965 715 3028 uideat
746 2967 802 3028 loc
836 2965 972 3047 thesauro
998 2963 1113 3024 recluso
1145 2971 1256 3026 tantum

104 3077 260 3154 adiumenti
279 3077 404 3138 llomero
426 3072 465 3136 ad
487 3076 669 3148 accuratam,
698 3076 727 3130 et
748 3069 875 3130 criticum
900 3075 928 3130 et
953 3067 1134 3138 historicam,
1161 3065 1253 3126 inter·

104 3182 294 3261 pretationem
322 3175 456 3249 allatum,
485 3179 623 3254 quantum
651 3169 691 3231 ad
722 3171 846 3242 aliorum
875 3177 1040 3255 poetarum,
1068 3185 1141 3248 quos
1166 3167 1253 3228 iidem

103 3281 296 3346 Alexandrini
309 3285 522 3350 tractaverunt,
542 3275 679 3336 habemus
699 3273 816 3334 nullum.
850 3271 933 3348 Ergo
947 3268 1078 3329 desinont
1094 3267 1252 3344 aliquando

104 3384 293 3448 Orientalium
316 3382 476 3442 litterarum
503 3375 649 3454 magistri,
680 3373 804 3434 Masona
827 3390 881 3432 sua
905 3367 1038 3450 superbi,
1069 3367 1168 3431 dolere
1191 3368 1252 3430 lor-

104 3495 199 3550 tunam
222 3492 375 3560 nostram„
393 3481 472 3566 quod
493 3480 577 3542 nobis
602 3477 764 3564 scripturae
786 3473 956 3536 Homericae
977 3471 1134 3534 arroteritae
1155 3468 1253 3552 posita
1368 3451 1373 3458 ⁶

105 3590 140 3650 sit
166 3591 198 3652 in
220 3595 279 3650 tam
301 3603 441 3650 nouorum
463 3581 592 3646 codicum
616 3579 687 3654 fide,
719 3578 868 3660 plerisque
898 3585 1026 3640 ueterum
1053 3575 1253 3641 recessionum

105 3691 234 3771 resdgiis
255 3691 298 3752 sic
321 3688 488 3752 obtritione
512 3682 630 3757 deletis,
658 3688 690 3743 ut
711 3689 806 3744 tentus
829 3681 921 3752 nostri
947 3677 1137 3742 conformatio
1158 3695 1253 3758 paene

103 3796 132 3858 in
144 3797 272 3860 absumo
293 3793 393 3868 lateat.
433 3788 578 3854 Habemus
596 3802 691 3859 nuuc,
715 3784 741 3844 si
760 3785 855 3846 omnia
872 3784 1000 3864 rmdiquu
1019 3787 1156 3860 excerpta
1175 3795 1253 3839 com·

105 3899 262 3980 ponimusr
279 3897 447 3970 Mascraml.
460 3893 546 3955 edam
569 3887 709 3950 Graecam
738 3887 897 3966 quandam,
925 3895 983 3948 tum
1006 3886 1163 3951 uetustate,
1193 3884 1252 3936 turm

104 4003 203 4066 uariae
233 3998 401 4064 eruditionis
441 3995 527 4076 copia
556 3990 645 4054 mrdto
678 3990 935 4072 praestantiorem,
969 3983 1115 4060 multoque
1150 3977 1262 4040 metius

104 4113 258 4168 cenamus
299 4103 397 4182 Atque
424 4099 479 4160 bac
505 4104 645 4178 utraque,
672 4103 700 4156 et
725 4094 838 4156 Graeca
865 4099 893 4152 et
914 4085 1074 4158 Hebraico,
1100 4081 1253 4161 farragine

104 4206 314 4292 comparanda,
336 4222 411 4284 nuuc
433 4202 543 4264 demum
564 4199 652 4262 altius
675 4197 841 4279 perspicere
865 4193 980 4266 licebit,
993 4207 1023 4272 'a
1046 4186 1150 4268 quihus
1173 4184 1253 4266 prin-

104 4311 185 4392 cipiis
209 4310 285 4374 'olim
310 4309 401 4374 omnis
431 4303 593 4377 emendatio
618 4300 758 4376 librariam
786 4306 814 4362 et
836 4293 936 4358 critica
971 4309 1020 4352 ars
1050 4288 1181 4372 prolecta
1200 4286 1266 4384 sit,¹
