2976 4900
216 333 278 400 nli
604 327 971 394 Pnonueoniuion.

215 521 341 592 ditabat,
363 518 492 593 minione,
513 519 538 580 si
560 518 629 598 quid
644 517 753 593 uideo,
776 517 919 580 diversum
939 518 977 578 ali
1001 531 1053 591 oo,
1081 507 1162 597 qn'od
1184 519 1231 581 lrio
1253 518 1368 582 deseri·

214 625 319 688 lrinrua.
372 621 443 684 Post
473 621 623 702 aliquanto
657 639 743 701 qnam
770 619 914 684 Zenodoti
949 627 978 681 ot
1001 619 1145 696 aliorum,
1181 623 1211 683 in
1241 623 1367 703 optinnor

213 741 317 790 uersus
342 734 371 786 et
399 725 536 786 universa
563 723 699 794 Carmina
727 724 939 802 grassantium,
972 721 1120 788 libidinem
1152 725 1270 788 ninnium
1298 740 1368 788 ren·-

215 832 322 893 sirsent
340 836 455 890 retnsto
473 835 669 899 moenimenta,
693 843 742 886 ars
764 826 822 886 ista
844 826 908 886 inre
922 826 1019 906 eoepit
1037 828 1067 888 in
1087 827 1195 888 orimen
1215 835 1245 888 et
1263 845 1369 908 repre·

213 932 379 994 lieneionem
391 929 584 991 modestorum
615 936 643 990 et
657 929 839 1009 prudentium
858 929 1025 1002 innumere,
1050 929 1204 1009 notarique
1229 928 1367 992 annuis

215 1033 357 1096 omorio
380 1033 547 1093 insolentia
571 1041 599 1093 et
619 1032 826 1092 acerbitas-et
844 1030 955 1110 inigida
983 1048 1054 1094 eura
1082 1051 1179 1094 rerum
1209 1031 1368 1094 minutissi-

215 1153 324 1200 marum
341 1129 399 1210 ¹⁷),
427 1134 479 1196 aed
504 1151 647 1214 nusquarr
672 1133 728 1194 lnoo
753 1147 846 1210 genno
869 1133 1004 1216 halatis
1033 1142 1062 1195 et
1085 1135 1255 1214 melariae,
1284 1135 1367 1216 quod

148 1255 200 1310 236
218 1240 307 1304 lodie
327 1237 442 1300 linitioir
465 1237 553 1300 obiioi
574 1236 657 1300 solet.
701 1233 804 1314 Neque
828 1243 924 1298 tumen
942 1234 1021 1298 nllus
1045 1233 1161 1300 illorum
1184 1237 1367 1312 Gritloonum,

216 1344 295 1426 quod
316 1341 430 1422 quiden
452 1347 578 1414 constet,
607 1355 735 1418 unquam
754 1338 796 1398 itu
815 1346 949 1400 uersatus
970 1347 1013 1401 est
1033 1340 1063 1430 ip
1085 1349 1166 1403 textu
1185 1343 1367 1420 mugientum

219 1443 420 1509 antolianum
442 1443 636 1506 renmonrnn
663 1445 829 1521 poetarum:
870 1441 929 1503 soii
954 1443 1127 1509 remaneres
1156 1433 1265 1504 ἀοιδοὶ
1284 1451 1368 1524 pete·

213 1550 321 1612 bantur
350 1545 426 1606 unni
459 1543 578 1606 lieentia
604 1544 805 1617 notationum,
843 1544 1068 1620 oorreotionanr,
1101 1545 1366 1630 interpolationem,

213 1650 365 1712 liturarum
381 1640 441 1722 13);
475 1663 513 1708 ex
537 1663 595 1726 qno
617 1646 705 1728 plane
726 1654 863 1728 apparet,
893 1663 957 1706 eum
979 1646 1125 1710 licentiam
1146 1657 1205 1712 tom
1225 1649 1365 1728 temporis

212 1771 271 1818 non
292 1766 395 1812 norem
414 1749 529 1827 luisse,⁴
544 1757 632 1829 atquo
647 1748 724 1812 adeo
746 1766 784 1810 en
804 1759 875 1812 nota
888 1747 1007 1820 lon-tuna
1023 1739 1365 1820 dordmrauotoritatern

213 1854 359 1938 quendam
381 1857 410 1912 et
431 1853 555 1932 speeiem
575 1851 698 1914 rationis
722 1853 857 1916 traxisse.
1181 1860 1186 1869 ’

695 2103 849 2228 Ι11111.
998 2099 1002 2106 “

315 2307 421 2374 Verum
443 2305 500 2367 ista
523 2305 618 2367 omnia
642 2307 683 2370 sie
705 2308 796 2391 aooipi
819 2307 1034 2390 nolim,'qnasi
1053 2299 1150 2372 honos
1166 2316 1194 2370 et
1208 2313 1364 2370 aoouratos

213 2412 415 2478 emendatores
439 2427 542 2489 negem
565 2409 691 2490 antiquis
714 2422 743 2474 et
765 2415 915 2495 exquisitis
936 2412 1083 2476 oodioibus
1107 2411 1177 2474 u'sos
1200 2429 1278 2484 esse,
1311 2413 1363 2473 iis·

211 2538 269 2602 qne
291 2511 494 2597 comparandis
519 2512 675 2592 genuinam
697 2514 817 2578 formam
839 2503 1139 2600 textns'quaesirisse.
1173 2516 1212 2576 nt
1232 2515 1363 2594 genuina

209 2623 267 2684 illis
292 2619 347 2681 luit
374 2636 428 2691 eo,
461 2633 537 2696 qnae
564 2621 682 2698 poetam
713 2621 835 2682 manime
865 2619 968 2681 decore
1003 2619 1164 2694 uidebatur.
1220 2619 1254 2680 ln
1290 2635 1361 2698 quo,

209 2739 292 2787 nemo
316 2739 375 2782 non
398 2713 492 2792 uidet,
523 2720 619 2780 omnia
643 2718 767 2804 deniqne
797 2723 835 2785 ad
866 2719 1130 2785 Alexandrinorum
1159 2721 1305 2800 ingenium
1331 2727 1360 2781 et

210 2825 360 2891 arbitrium
387 2821 491 2884 redire.
541 2821 732 2899 Quamobrem
767 2824 795 2886 in
824 2833 905 2888 tanta
933 2832 1048 2906 tamque
1077 2821 1244 2887 calamitosa
1273 2823 1360 2884 ruina

216 3005 534 3024 ...n-affl

242 3143 288 3214 17)
307 3139 375 3198 Vide
394 3135 521 3192 llerodioi
542 3135 700 3207 Babylonii,
727 3142 754 3191 et
780 3140 934 3208 supparium
960 3135 1073 3192 Horatio
1101 3141 1255 3206 poetarum,
1279 3133 1356 3188 Anti-

309 3225 406 3300 plnanis
425 3221 529 3278 Maced.
545 3221 715 3292 Philippique
731 3221 892 3281 Tltessalon.
920 3219 1091 3293 Epignomm.
1106 3225 1134 3276 in
1148 3213 1262 3274 Brnnelt.
1277 3217 1358 3275 Anni.

308 3311 342 3367 ll.
366 3325 389 3380 p.
409 3312 452 3368 65.
472 3313 532 3366 205.
558 3307 589 3362 V.
613 3323 637 3376 p.
656 3311 717 3362 22³.
736 3305 833 3362 XLlll.
853 3307 947 3364 xilv.
973 3307 1094 3377 (linthol.
1116 3306 1228 3362 uranon.
1248 3304 1280 3371 ll,
1301 3307 1365 3374 to.)

308 3397 355 3452 itbl
378 3395 499 3450 ridentur
511 3394 717 3468 Τρομματικοὶ
735 3390 864 3468 Μώμου1
880 3397 979 3458 τέκνα,
1013 3390 1233 3459 Ζηνοδότοο
1264 3388 1357 3444 σκύ-

306 3485 427 3544 λακες,
455 3481 491 3532 ui
516 3479 877 3550 περὶΚαλλίμαχον,
914 3480 951 3532 ol'
972 3476 995 3539 ς’
1021 3474 1082 3530 ἀπ’
1106 3474 1357 3551 Ἀριστάρχου

307 3571 388 3630 orirer
415 3561 629 3631 ἄκανθολόγοι,
665 3559 956 3634 Ἀριστάρχειοι
981 3559 1229 3634 γωνιοβόμβυκες,
1258 3577 1354 3634 μονο-

308 3647 455 3714 σύλλαβοι,
483 3639 543 3698 οἷσι
560 3647 669 3716 μέμηλε
691 3643 723 3698 τὸ
740 3651 860 3713 ΣΦΙΝ,
885 3647 918 3700 τὸ
938 3649 1070 3702 Emittit
1085 3645 1183 3700 καὶτὸ
1205 3651 1287 3700 ΜΙΝ
1303 3643 1355 3714 ἠδὲ
1449 3679 1452 3686 .

225 3732 227 3736 ’
305 3729 338 3785 τὸ
358 3735 432 3784 ΝΙΝ
448 3735 498 3785 eto.
534 3729 664 3784 Similiter
684 3731 729 3784 alii
750 3738 972 3808 pesistanqnam
993 3731 1144 3799 Larianus,
1163 3738 1261 3786 notans
1280 3736 1355 3788 τῶν

303 3813 402 3890 ἀμφὶ
433 3814 499 3872 τὸν
527 3813 751 3882 Ζηνόδοτον
776 3821 824 3870 καὶ
849 3816 1107 3893 Ἀρίσταρχον
1138 3835 1352 3890 γραμματι-

282 3907 374 3982 'aeia
400 3899 510 3969 onitin
534 3899 585 3968 τὴν
609 3889 810 3974 ψυχρολογίον
835 3903 896 3960 Ver.
916 3903 1035 3961 111ι1.11.
1055 3921 1081 3974 p.
1103 3911 1166 3962 117.

232 3999 280 4070 18)
297 3998 358 4055 Non
377 4016 446 4056 nnus
466 4000 612 4055 dommus
641 4004 692 4055 etsi
712 4017 768 4056 rem
788 4003 863 4072 apud
877 4003 947 4058 luno
967 4007 1080 4060 manino
1098 4002 1204 4056 idoneis
1223 4005 1250 4056 et
1266 4002 1352 4054 nortia

300 4085 560 4142 ludiolisterremni.
609 4085 706 4141 Verani
730 4088 781 4158 qni
800 4088 833 4150 da
859 4087 979 4144 llesiodo
1004 4087 1126 4154 dubitet,
1154 4101 1206 4142 noo
1227 4087 1350 4155 ipsarum

300 4171 357 4224 eins
372 4167 557 4243 reliquiarum
576 4174 673 4241 speeie
691 4179 851 4239 'moventem
879 4176 1031 4230 meminerit
1052 4169 1131 4238 modo
1151 4173 1205 4226 loel
1225 4171 1300 4225 illins
1322 4172 1351 4224 in

300 4252 542 4326 insequuta-18
572 4257 694 4312 serotine
724 4261 798 4314 aneti
824 4273 856 4312 or
880 4261 953 4314 libro
978 4263 1081 4316 reterte
1103 4257 1248 4327 elipsim
1267 4254 1348 4326 ,apud

301 4335 395 4393 Galen.
416 4342 448 4396 de
466 4340 592 4410 llippoer.
613 4348 639 4395 et
657 4342 725 4400 l’iat.
744 4341 838 4414 Dogm.
857 4342 989 4412 illustr.
1010 4344 1041 4399 T.
1062 4344 1082 4399 i.
1102 4359 1128 4414 p.
1146 4348 1207 4400 271.
