2944 4900
477 277 848 382 rnonaoonanr.
1199 317 1244 386 st

90 507 122 569 de
141 503 261 588 perlato
283 513 312 570 et
328 505 443 570 reddito
463 506 570 588 scripto
585 505 757 588 loqoaoetnr
777 507 935 580 dommuu,
952 514 1007 568 eut
1028 507 1161 588 equidem
1181 509 1244 580 uim

88 610 292 690 proprietatem
321 618 350 670 et
377 609 612 672 consuetudinem
640 609 780 690 loquendi
808 609 923 690 penitus
950 610 1065 685 nmio,
1097 618 1150 674 aut
1179 630 1243 676 eon

88 711 142 772 alio
165 711 278 791 quouis.
295 730 381 792 qoam
408 711 460 774 illo
483 711 573 772 verbo
595 731 714 774 usurum
736 713 826 774 luisse
848 711 1000 775 conando.
1050 711 1151 792 Neque
1171 730 1241 778 vero

88 813 271 873 luctantum
292 812 451 887 contendo,
479 811 530 873 sed
554 831 630 891 nego
651 823 822 896 praeterea,
852 835 1016 897 quenquam
1034 822 1165 896 poetam,
1186 833 1241 878 neo

89 913 223 976 Graecum
244 931 299 975 nec
318 915 468 988 Latinum,
497 931 534 975 ne
555 917 777 978 amantissimum
800 917 914 998 quidem
935 916 1088 979 audacium
1111 918 1239 981 noudu-

86 1015 191 1090 louonn,
222 1017 422 1080 morrstrootdi
448 1034 501 1077 seu
527 1019 714 1080 ostendendi
739 1021 858 1082 omium
887 1021 1021 1101 potuim
1049 1021 1086 1083 de
1112 1021 1239 1102 epistola

87 1118 238 1182 reddenda.
283 1119 382 1182 Mirum
404 1137 449 1181 me
468 1105 627 1182 odenderet
649 1119 736 1204 σῆμα
755 1113 890 1182 ἰδέσθαι
913 1139 941 1184 u.
967 1124 1038 1186 176.
1060 1124 1092 1184 in
1112 1122 1237 1193 haione

87 1222 193 1303 scripti,
232 1222 290 1282 atsi
320 1239 374 1284 neo
393 1223 461 1308 lroo
488 1223 559 1285 satis
585 1222 767 1294 llomeriourn
795 1233 941 1306 putarem:
982 1241 1059 1288 uano
1085 1232 1237 1307 numaque

87 1325 206 1386 eiusdem
229 1325 349 1404 generis
371 1341 438 1386 esse
460 1334 592 1406 apponet.
634 1327 752 1390 Addere
771 1327 859 1408 plura
880 1323 988 1388 audet.
1029 1326 1123 1388 Unum
1145 1345 1236 1408 quac*
1252 1337 1288 1394 86

86 1445 152 1489 ram:
195 1437 375 1507 torquerene
399 1427 497 1508 potius
530 1435 558 1490 et
585 1439 751 1509 pervertere
779 1429 892 1491 docebit
917 1445 1079 1498 sennonem
1108 1429 1236 1506 lionam,

87 1549 164 1610 qoam
183 1527 452 1611 interpretationem
472 1536 617 1604 ueterum,
642 1549 729 1612 quae
745 1541 774 1594 et
795 1531 912 1595 illorum
933 1540 962 1595 et
980 1540 1146 1597 nomm
1165 1541 1236 1596 ten

86 1635 267 1716 porum‘uoui
290 1639 448 1713 repugnet,
471 1627 627 1713 amplectit

175 1737 280 1815 Qualis
309 1743 405 1798 tamen
430 1732 482 1794 ille
512 1751 573 1796 mos
602 1734 704 1810 luerit,
735 1735 836 1816 puelia
862 1738 948 1817 signa
971 1735 1085 1810 Proeti,
1113 1733 1235 1798 iubatae

88 1849 251 1914 mausueta,
283 1853 426 1920 quaerere
449 1846 493 1898 est
515 1837 591 1899 alios
613 1837 682 1899 loci.
725 1837 1145 1918 teneraemondensis
1158 1855 1234 1901 oon*

88 1941 210 2018 iecerint,
230 1944 420 2022 ignoramus,
441 1940 497 2013 nisi
517 1940 596 2021 quod
617 1940 705 2020 pauci
723 1939 839 2004 illorum
860 1943 993 2006 uidentur
1010 1960 1048 2003 ea
1067 1941 1097 2002 in
1113 1959 1233 2004 numere

89 2034 306 2130 ἱερογλυφικῶν
333 2044 486 2114 iciunae,
523 2041 760 2122 quemadmodum
785 2043 886 2124 plures
918 2044 1006 2106 hodie
1033 2042 1163 2104 lacerum
1178 2037 1233 2119 ⁴⁸).

88 2147 121 2208 At
140 2147 314 2229 Apollodori
340 2146 434 2208 loom
463 2144 544 2208 illum
575 2165 636 2209 oum
652 2146 785 2208 ¹Sciroliis
812 2143 919 2205 noscis
948 2145 1126 2224 comparanti
1155 2145 1233 2206 hand

90 2266 168 2328 aegre
192 2249 402 2332 persuadeam,
429 2239 551 2308 πίνακα
572 2243 712 2310 novando
734 2249 771 2310 ab
793 2246 852 2308 illis
872 2247 1000 2309 halitum
1019 2263 1085 2309 esse
1105 2246 1235 2327 ligneum

88 2359 232 2418 temeram.
257 2352 307 2414 uel
328 2352 500 2433 symbolam
525 2351 667 2434 aliquem,
697 2353 747 2434 qui
775 2358 859 2414 notas
885 2350 1049 2415 mortiferus
1075 2350 1141 2416 ruli
1168 2343 1232 2412 arte

88 2455 183 2520 meam
201 2457 338 2522 labuerit
352 2450 406 2534 49).
451 2455 495 2518 lle
514 2454 615 2518 tabula
634 2463 734 2518 cerata
746 2454 878 2534 cogitare
901 2452 949 2516 oin
968 2453 1036 2516 sinit
1050 2453 1230 2520 cousuetudo
1247 2468 1282 2523 87

121 2731 164 2798 48)
180 2729 209 2785 V.
229 2745 255 2784 c.
273 2726 406 2782 Bachetus
425 2725 520 2780 Mezir.
539 2724 573 2778 ad
592 2723 669 2777 ovid.
690 2721 754 2793 llpp.
775 2721 884 2778 Heroid.
903 2723 936 2778 Τ.
955 2721 976 2777 l.
998 2741 1023 2793 p.
1042 2727 1102 2780 ³28.
1145 2721 1230 2777 liuius

179 2821 272 2868 tamen
290 2814 404 2866 rationis
425 2810 557 2880 quoddam
579 2809 720 2876 uestigium
738 2813 781 2861 est
799 2810 827 2862 in
845 2812 989 2879 exsignuto
1008 2807 1069 2860 ioco
1084 2803 1228 2860 ,Eustatlnil

124 2899 167 2967 49)
184 2898 276 2952 Schol.
304 2895 367 2950 dod·
396 2895 427 2949 Α.
453 2895 486 2948 ati
512 2910 537 2949 t.
558 2897 622 2956 ⁸169.
673 2889 787 2966 Γράψαι
817 2894 879 2946 ἐστὶ
905 2891 937 2946 τὸ
966 2892 1058 2953 flauo·
1087 2886 1153 2948 οἷον
1177 2887 1230 2948 οὖν

180 2977 340 3054 ἰγχαράξιις
359 2980 508 3042 εἴδωλα,
534 2980 585 3031 dn'
612 2969 658 3032 ὧν
678 2977 757 3030 ἔδει
779 2983 923 3046 γνῶναι
947 2975 1013 3034 τὸν
1037 2977 1230 3051 πενθερὸν

181 3073 249 3120 τοῦ
275 3071 462 3140 Προίτου.
499 3064 706 3118 circumlocutio
726 3061 793 3115 hacc
819 3069 860 3116 est
884 3062 977 3124 verbi,
1005 3063 1077 3136 qnod
1102 3063 1229 3133 Apollod.

183 3151 323 3215 adhibuit,
348 3147 547 3220 ἐπιγνούς
581 3155 610 3201 ut
628 3149 795 3216 perspicuum
814 3151 864 3220 sit,
883 3148 992 3202 eandem
1011 3155 1151 3217 utrumque
1167 3162 1230 3200 teu-

182 3237 398 3306 lenliamyst‘quiz
418 3231 557 3288 ·Eusialh.
577 3233 593 3284 Ι.
613 3247 635 3284 c.
656 3229 817 3302 Εὐριπίδης
835 3252 894 3290 που
912 3230 946 3284 τὰ
963 3227 1100 3303 Ὁμηρικὰ
1117 3226 1231 3300 σήματα

183 3327 222 3382 εἰς
244 3313 596 3393 ξύμβολτίμεταλαβών
616 3332 702 3390 φησι·
741 3317 874 3375 Ξένοις
894 3334 930 3368 τε
949 3317 1115 3387 πέμπειν
1134 3310 1230 3384 σύμ-

182 3411 292 3475 βολα,
312 3405 350 3456 ol*
370 3401 564 3480 dpdoooot
587 3405 617 3457 α’
637 3400 680 3457 εὖ.
709 3399 821 3472 (Medea
839 3415 863 3452 v.
882 3399 958 3467 613)
1002 3396 1071 3452 liiii
1091 3399 1149 3451 veri
1167 3411 1231 3466 pen·-

183 3493 272 3545 simile
288 3489 407 3553 videtur,
434 3491 486 3542 iam
504 3493 559 3544 tum
579 3493 655 3543 inten-
673 3493 803 3558 cognatos
821 3483 972 3540 obtinuisse
995 3489 1075 3538 notas
1101 3482 1230 3557 quasdam

185 3575 362 3645 symbolicas,
385 3575 481 3646 quibus
501 3574 533 3628 de
550 3577 687 3629 otoooollis
704 3572 871 3643 pravissimis
886 3570 965 3623 reduto
984 3585 1064 3626 senisu
1082 3573 1231 3624 animorum

185 3663 255 3714 luter
279 3675 309 3713 se
334 3663 575 3727 communicarent,
607 3663 635 3713 in
660 3661 807 3728 primisque
835 3654 887 3708 lroo
915 3671 1001 3726 genus
1026 3651 1231 3728 θυμοφθόρων

186 3743 339 3818 σημάτων,
365 3749 498 3802 inventum
524 3746 641 3800 iortosse
667 3760 700 3800 oa
718 3748 822 3820 aetate,
853 3753 906 3810 qua
930 3741 1042 3795 ultionis
1065 3740 1185 3795 caedium
1205 3743 1232 3791 et

184 3831 383 3885 inimicitiarum
403 3830 462 3884 diua
480 3833 595 3886 saevitia
608 3831 727 3902 vigebat.
760 3825 813 3880 Sed
826 3823 893 3879 liaeo
907 3827 1058 3879 accuratius
1073 3820 1233 3892 explicanda

186 3921 247 3970 suunt
266 3919 293 3968 iu
313 3919 448 3988 singulari
469 3919 628 3986 quaestione
645 3915 678 3968 dc
696 3911 824 3980 symbolis
846 3919 971 3964 arueram.
1015 3908 1123 3962 interim
1147 3906 1232 3958 nemi-

186 4015 244 4056 nem
264 4001 414 4070 poenitebit
432 4015 590 4070 comparare
609 4000 708 4054 sinilia
726 3997 797 4066 apud
816 3995 966 4050 Merionen
985 4009 1010 4062 p.
1028 3995 1087 4047 523.
1105 4003 1180 4058 squ,
1204 3989 1233 4041 iu

188 4085 284 4156 quibus
303 4087 384 4140 otiam
403 4085 647 4139 continuatissima
667 4083 747 4136 hacc:
779 4083 836 4148 „Si
862 4081 961 4136 c'etoit
984 4078 1011 4131 la
1029 4074 1234 4130 ueritelrlement

188 4183 239 4222 uuo
258 4170 338 4224 lettre
359 4169 442 4224 ecrite
471 4185 504 4222 en
530 4172 682 4224 caracteres
700 4166 875 4238 d'ulphabet,
900 4168 921 4220 il
937 4165 1023 4218 oenoit
1044 4161 1235 4216 entrememeut

188 4255 338 4324 tingnlier,
363 4261 460 4326 qu’une
481 4258 619 4310 invention
644 4255 668 4308 si
697 4251 762 4306 utile
786 4257 813 4306 'et
838 4249 972 4304 des-lors
995 4249 1020 4301 ui
1047 4259 1165 4308 oouuue,
1190 4240 1236 4296 eit

190 4335 298 4408 dispare
323 4339 392 4394 deur
414 4337 592 4410 generations
619 4339 717 4408 emto,
744 4333 812 4390 dans
836 4333 886 4389 des
910 4335 1099 4406 oonjmrotureo
1117 4327 1162 4383 oio
1185 4341 1236 4380 oon

940 4417 1030 4485 .4*
