2944 4900
216 255 260 322 m
621 233 987 317 rnonnooueu'a.

221 443 282 506 Sed
303 443 379 505 hanc
400 441 514 524 φιὶᾱειιι
533 447 566 504 ut
585 440 696 504 minore
718 438 878 504 offensione
896 449 1025 524 repetam
1046 450 1088 518 et,
1111 442 1137 504 si
1157 449 1276 524 potero,
1305 461 1387 525 pro-

171 547 333 625 mitigem,
354 546 385 607 in
404 544 504 628 primis
524 536 682 619 Woodii⁸)
704 544 858 621 ingeniosa
871 544 996 607 audacia
1015 545 1092 608 lecit.
1135 545 1208 608 Nam
1229 546 1253 606 si
1272 546 1387 628 proaui

223 649 317 712 nostri
338 649 417 712 serio
439 647 598 709 dubitatum
618 646 780 720 audissent,
802 665 868 708 num
887 649 1022 729 princeps
1044 649 1216 730 scriptorum
1234 648 1387 711 Homerus
1466 659 1470 666 '

224 752 378 833 scriptoria
398 757 460 812 arte
483 767 553 812 usus
575 757 667 824 esset,
693 750 870 813 amatoribus
890 745 1084 832 παραδόξωι)
1106 751 1215 814 nullum
1237 751 1390 832 pudorem-

225 872 379 935 superesse
413 851 624 914 clamavissent
677 850 739 914 lam
771 853 890 931 ingenia
926 861 1101 914 vetustorum
1133 862 1388 918 monumentorum

227 956 315 1018 altius
336 956 481 1038 inspicere
502 955 663 1035 coepimus,
683 964 858 1036 seruataque
878 954 1063 1017 severissima
1083 955 1151 1034 lege
1172 957 1327 1032 historias,
1351 963 1389 1018 ut

227 1073 282 1118 nec
310 1074 383 1119 uera
408 1063 438 1118 et
461 1057 636 1138 incorruptis
662 1059 783 1120 testibus
808 1059 920 1120 murata
949 1055 1118 1120 indubium
1144 1075 1294 1132 vocemus,
1326 1075 1389 1120 uec

229 1176 347 1240 quoquo
368 1157 454 1222 modo
474 1158 568 1221 relata
592 1168 644 1222 aut
665 1161 791 1222 cuiusuis
813 1157 941 1223 auctoris
961 1158 1075 1220 numine
1097 1169 1202 1222 oruata
1226 1169 1280 1242 pro
1305 1178 1390 1224 com-

179 1275 215 1330 42
232 1262 322 1344 pertis
342 1263 518 1336 habeamus,
540 1281 770 1344 unamquamque
790 1281 851 1324 rem
870 1281 907 1324 ex
929 1263 1067 1343 temporis
1092 1283 1127 1326 ao
1148 1263 1206 1325 loci
1228 1263 1274 1324 sui
1293 1263 1392 1324 ratio-

203 1352 208 1361 ’
230 1365 316 1428 abus
333 1373 365 1428 et
379 1365 506 1428 moribus
518 1363 658 1436 iudicare.
701 1366 745 1426 ltu
759 1366 844 1426 etiam
865 1365 937 1427 haec
953 1365 1089 1430 Carmina
1101 1365 1202 1448 paullo
1217 1365 1390 1443 diligentius

233 1468 352 1546 cugmu
369 1465 567 1544 admirandam
593 1467 746 1530 ostendunt
763 1469 819 1528 mm
839 1475 967 1553 naturae„
986 1475 1075 1547 atque
1094 1469 1219 1547 ingenii,
1245 1467 1391 1536 minorem

233 1569 321 1642 mtis,
357 1569 466 1632 ncillam
492 1568 659 1633 reconditae
688 1569 837 1632 doctrinae
858 1577 890 1632 et
917 1567 1112 1649 exquisitam
1144 1569 1281 1646 Quamuis
1310 1569 1391 1630 enim

232 1673 437 1736 hebeti-sensu
458 1669 612 1750 surdisque
631 1669 751 1732 auribus
773 1673 825 1745 sit,
853 1673 902 1752 qui
921 1680 1012 1734 artem
1031 1672 1062 1733 in
1086 1673 1122 1733 iis
1141 1673 1250 1734 nullam
1269 1672 1390 1746 renuat,

233 1782 334 1856 utpote
359 1793 446 1855 quam
476 1789 514 1834 ne
540 1772 569 1832 iu
599 1790 731 1836 uersuum
760 1774 875 1853 quidem
900 1775 1025 1836 murmuris
1047 1773 1203 1842 doctissimi
1226 1773 1391 1836 imitatores
1465 1817 1468 1824 ‚

235 1875 354 1955 assequi
371 1876 535 1956 potuerint3
574 1891 684 1936 omnem
706 1882 800 1939 tamea
823 1885 912 1938 artem
932 1875 1014 1938 illam
1031 1884 1154 1938 naturae
1176 1875 1391 1956 quodammodo

234 1979 399 2061 propiorem
429 1994 494 2040 esse
523 1983 660 2058 apparet,
691 1997 801 2062 neque
819 1997 857 2041 ex
884 1976 1055 2058 discipliuae
1080 1978 1229 2040 cuiusdam
1261 1977 1392 2040 formula

294 2311 325 2379 8)
350 2307 380 2364 lu
408 2310 621 2365 celebratissima
650 2309 737 2364 libro:
776 2313 816 2362 Aa
841 2307 940 2377 Europ
958 2328 992 2363 ou
1016 2313 1061 2364 lle
1084 2313 1202 2380 oripiuul
1228 2311 1330 2362 Genius
1360 2313 1404 2378 of

342 2399 458 2458 Hoauer,
477 2411 531 2452 sec.
550 2395 613 2450 edit.
632 2401 709 2453 1775.
723 2397 811 2462 capite
831 2409 878 2459 ec,
898 2396 970 2466 quod
983 2402 1025 2450 est
1036 2396 1069 2451 dc
1082 2399 1207 2452 oratione
1225 2403 1252 2450 et
1264 2395 1394 2450 doctrina

343 2485 450 2555 poetae.
484 2479 540 2545 lbi,
559 2486 588 2534 ut
606 2483 632 2534 in
650 2486 708 2534 toto
726 2481 813 2546 libro,
833 2481 911 2550 plura
929 2489 990 2536 suunt
1008 2485 1074 2538 scite
1093 2489 1119 2536 et
1137 2483 1248 2552 egregie
1266 2479 1394 2536 animad—

233 2605 235 2610 ,
343 2579 439 2630 uersa,
467 2566 519 2617 nisi
539 2563 610 2634 quod
628 2564 764 2618 subtilitas
784 2566 840 2620 lere
861 2566 950 2630 deest,
977 2570 1035 2620 siue
1062 2581 1115 2636 qua
1133 2565 1262 2638 historica
1294 2566 1393 2636 dispu-

342 2653 410 2702 tatio
436 2649 595 2719 persuadet,
620 2666 675 2704 uou
700 2651 776 2704 lldem
803 2651 875 2704 lacit.
920 2649 1006 2720 Igitur
1031 2651 1096 2704 illud
1118 2659 1198 2720 capum
1221 2653 1393 2720 potissimum

343 2749 429 2804 rruper
453 2733 610 2804 apluribns
629 2737 696 2789 uiris
720 2737 806 2789 doctis
832 2736 993 2806 reprehendi
1019 2737 1047 2791 et
1063 2727 1207 2806 'uulgarem
1235 2737 1393 2806 opinionem

344 2820 468 2874 adiuuari
481 2820 607 2885 vidimus,
626 2822 758 2891 singulari
775 2821 864 2874 studio
880 2835 895 2873 a
909 2821 1102 2891 ll'iedelrurgio
1116 2819 1263 2875 Hernanist.
1278 2819 1393 2890 Magna.

346 2903 380 2956 Τ.
405 2901 425 2954 Ι.
453 2919 478 2972 p.
508 2909 564 2960 143.
590 2921 650 2976 sqq.
677 2913 703 2958 et
728 2905 853 2958 llarleslo
877 2905 945 2958 Bibl.
972 2903 1017 2960 Gr.
1038 2904 1145 2960 Fabrio.
1171 2907 1204 2960 T.
1230 2906 1252 2961 1.·
1276 2923 1301 2975 p.
1326 2914 1394 2964 353.

346 2985 463 3044 Quorum
488 2988 587 3042 iudicio
609 3005 661 3042 rron
687 2988 860 3057 praetulerim
886 3007 977 3044 eorum
1004 2992 1155 3056 levitatem,
1183 2996 1229 3062 qui
1254 2995 1394 3062 ingeniosi

345 3070 427 3140 Angli
460 3077 636 3141 senitentiam,
666 3091 731 3139 seu,
764 3079 793 3126 ut
819 3077 877 3143 ipse
908 3075 986 3138 dicit,
1020 3081 1200 3132 conuerterant
1233 3077 1395 3146 simpliciter
1470 3103 1471 3114 2

346 3159 526 3224 repetierunt,
551 3160 592 3214 uel
616 3162 643 3212 iu
665 3174 722 3213 eam
750 3159 834 3212 ablati
853 3165 914 3214 suut
938 3165 1057 3232 propriis
1084 3163 1238 3226 erroribus,
1263 3168 1394 3230 tanquam

347 3249 441 3297 auctor
460 3243 558 3300 libelli:
593 3245 765 3314 Coop'eclornl
792 3245 979 3300 ooserunitous
1004 3265 1038 3299 ou
1062 3249 1106 3300 ibe
1134 3249 1227 3314 Oripe'u
1250 3247 1304 3297 und
1321 3247 1395 3297 Pro·
1470 3249 1471 3310 l

341 3343 422 3394 prese
441 3331 474 3396 of
488 3331 637 3396 ulpbebelie
653 3333 762 3400 writinp
782 3347 806 3400 p.
824 3335 878 3390 99..
912 3331 1067 3402 Quanquam
1086 3333 1130 3386 llic
1149 3340 1233 3387 artuum
1255 3330 1395 3386 scribendi

345 3419 447 3471 tanturn
466 3412 576 3469 heroum
596 3415 803 3478 Homerieorunn
815 3416 941 3478 saeculo,
968 3434 1022 3472 nou
1042 3417 1157 3473 Homero
1176 3421 1294 3485 ereptam
1316 3413 1394 3480 ibat3

346 3495 393 3549 ille
415 3511 476 3572 eam
487 3497 592 3551 tandem
606 3500 669 3552 cire.
688 3503 747 3555 554.
767 3515 791 3552 a.
807 3499 868 3556 Chr.
887 3502 1064 3571 vulgatiorem
1080 3503 1175 3570 lautam
1195 3516 1255 3556 esse
1271 3498 1395 3571 laniabat.

346 3579 430 3634 Docte
450 3585 536 3634 autem
553 3586 633 3651 atque
651 3583 790 3654 eleganter
805 3583 911 3641 Woodii
928 3595 1086 3658 argumenta
1100 3588 1255 3658 percensuit
1273 3599 1305 3640 ac
1320 3599 1394 3639 novo
1419 3611 1422 3619 ·

347 3666 467 3720 acumine
494 3664 613 3720 defendit
644 3666 819 3740 philosophus
853 3671 1005 3739 litterator,
1037 3672 1194 3738 Merinum,
1224 3674 1252 3724 iu
1283 3669 1394 3724 Disser-

343 3752 449 3804 taticne
476 3748 586 3805 Gallicis
611 3757 721 3823 scriptis
744 3757 903 3812 Academiae
928 3759 1110 3814 Beroliuensis
1138 3758 1285 3828 praeterito
1321 3769 1395 3808 arum

344 3838 464 3900 inserta,
486 3850 556 3907 quae
574 3838 652 3904 mihi,
669 3839 738 3895 hanc
751 3843 887 3913 plagulam
906 3844 940 3898 ad
957 3841 1153 3914 typographum
1168 3845 1300 3905 missuro,
1320 3854 1395 3893 curn-

345 3921 422 3976 mude.
442 3921 484 3975 ab
498 3925 583 3976 amieo
597 3923 716 3978 offertur.
745 3913 792 3980 'lia
808 3933 902 4000 raptim
922 3930 991 3983 lecta
1003 3933 1203 3996 peropportune
1225 3941 1264 3980 me
1278 3926 1394 3995 impulit,

344 4015 373 4062 ut
391 4010 510 4062 rationes
529 4021 600 4061 meaa
620 4013 706 4080 magis
723 4011 918 4084 adstringerem
938 4020 964 4068 ot
982 4015 1010 4066 lu
1029 4013 1111 4067 breue
1133 4027 1274 4084 cogerem,
1301 4011 1395 4080 plura·
1469 3999 1470 4020 ἢ

345 4109 395 4161 que
424 4095 529 4162 penitus
558 4093 689 4158 delorem,
717 4111 785 4166 qnae
812 4100 837 4152 in
863 4098 1159 4152 eandemseutentiam
1183 4099 1395 4170 disputaveram.

342 4173 461 4231 Eruditis
481 4182 549 4233 enim
571 4178 637 4234 llaec
655 4181 825 4249 scribuntur,
846 4185 891 4253 qui
910 4189 936 4237 et
951 4183 1028 4238 illum
1048 4185 1156 4254 legent,
1185 4189 1211 4237 et
1233 4181 1304 4251 apud
1326 4197 1396 4252 quos

344 4261 457 4329 strigulla
477 4267 615 4320 momentis
629 4266 823 4336 amplificandis
844 4283 898 4323 uon
917 4268 1025 4324 raullurn
1044 4269 1189 4340 prolicitur·
1204 4271 1231 4323 ln
1251 4265 1300 4322 tall
1321 4283 1360 4322 re.
