2944 4900
512 321 880 390 cantatoribus.
1227 327 1269 396 13

107 509 234 586 scribit,
255 517 318 573 totu
341 508 466 572 Graecia
483 511 695 584 circumlatomr
733 514 781 578 tv.
802 514 841 576 ab
863 513 919 575 boc
938 513 1008 576 inde
1027 513 1066 576 ad
1088 512 1268 598 Longum

108 631 149 675 ac
173 612 345 694 discipulum
373 609 452 688 eius,
484 613 706 697 Porphyrium,
737 634 757 678 a
783 634 843 697 quo
863 623 988 697 unoque
1014 615 1101 680 lectio
1128 625 1161 680 et
1178 617 1268 681 inter·

106 717 241 798 pretatio
262 715 380 778 Homeri
403 715 528 796 quodam
548 718 635 780 modo
656 718 757 780 estimo
778 727 841 790 este
877 718 910 782 V.
937 737 966 802 οΙ
979 719 1152 802 Porpdprio
1173 737 1265 800 usque
1282 724 1318 779 23

106 819 153 881 ad
176 829 324 882 auctorem
344 818 477 882 editionis
498 819 652 901 principis,
681 819 875 883 Demetrium
901 819 1148 904 Obctccndplen,
1178 823 1267 886 Atbe·

107 924 259 997 nieusem;
286 922 333 986 vt.
346 923 449 984 borum
471 925 554 986 trinu
570 924 766 1004 proximorum
780 925 976 998 secundorum,
1000 927 1103 1006 quibus
1124 925 1267 993 Homerus

105 1025 203 1088 variis
223 1025 315 1086 modis
336 1025 456 1104 ingenia
484 1027 611 1088 virorum
634 1028 783 1090 doctorum
811 1035 840 1090 et
861 1027 992 1090 cilicinas
1020 1030 1267 1111 typographorum

105 1127 245 1190 exacuit
257 1119 294 1202 ²).
336 1126 416 1190 idaeo
436 1127 518 1210 prior
543 1147 613 1209 pars
636 1130 690 1220 erit
712 1130 798 1192 buius
820 1129 1034 1214 Praetutionist
1067 1132 1215 1212 posterior
1234 1133 1265 1196 in
1281 1135 1317 1192 24

104 1228 227 1303 causis,
250 1228 363 1308 quibos·
377 1228 530 1292 Homerica
551 1230 712 1296 emendatio
732 1232 855 1306 matur,
886 1233 1123 1314 meminitque
1145 1241 1174 1298 et
1194 1253 1268 1317 prc-

104 1331 182 1414 priis
206 1332 268 1394 eins
284 1325 400 1410 tegibus
417 1340 505 1413 atque
526 1333 557 1394 in
569 1334 683 1398 rabone
696 1333 810 1398 consilii
824 1334 914 1399 nostri
932 1333 1080 1410 reddenda
1090 1337 1267 1402 versabitur.

520 1699 856 1800 taust.

560 1991 562 1998 .
648 1911 730 2048 vttt.

167 2211 171 2215 .
209 2153 271 2216 hnc
291 2155 412 2236 primum
434 2157 537 2218 subeat
557 2155 673 2229 mirari,
695 2129 774 2227 Δοοο,Ι
802 2172 890 2234 quum
912 2163 971 2218 mut
989 2171 1064 2217 raro.
1086 2157 1117 2218 iu
1137 2156 1263 2221 Homero

105 2257 251 2338 graviora
272 2258 344 2319 vitia
366 2259 527 2333 offendant,
553 2267 663 2322 tantum
684 2268 778 2321 tanen
800 2273 908 2338 operae
936 2258 968 2318 in
992 2259 1172 2342 correctione
1199 2261 1263 2322 cius

103 2360 279 2443 povrevvdvnn⁴
296 2367 429 2438 statuam
476 2361 664 2443 Apollonium
685 2359 836 2426 Rhodium,
849 2359 1004 2435 concute,
1031 2362 1175 2442 qvvomcdo
1196 2371 1264 2426 ante
1295 2441 1301 2454 Ι

168 2633 199 2702 2)
218 2631 290 2686 liaeo
313 2646 367 2684 nna
385 2635 522 2700 postrema
548 2635 640 2698 aetas,
665 2644 743 2702 qnam
771 2631 799 2684 in
827 2632 924 2684 ceteris
950 2630 1129 2700 scriptoribus
1147 2630 1264 2688 historia

216 2717 352 2772 litteraria
371 2731 434 2770 raro
456 2715 608 2786 egreditur,
634 2721 737 2770 tantum
758 2721 915 2784 proventum
941 2713 1023 2776 babet
1048 2719 1134 2769 omnis
1154 2720 1264 2785 generis

215 2801 364 2867 librorum,
383 2806 412 2856 ut
426 2801 521 2855 titnios
537 2817 627 2856 eorum
644 2814 805 2871 percensere
817 2811 941 2866 magnum
955 2790 1091 2866 negotium
1104 2801 1148 2852 sit.
1178 2799 1266 2852 Gera-

214 2889 255 2942 vit
284 2886 312 2940 id
337 2900 423 2956 nuper
454 2899 541 2940 novus
567 2883 664 2940 Editor
689 2881 876 2938 Bibliothecae
890 2877 1083 2948 ‚astrictam
1105 2885 1216 2955 copiose
1237 2889 1265 2938 et

216 2977 359 3038 accurate;
391 2985 479 3040 neque
498 2970 545 3026 iiie
563 2977 652 3042 tamen
670 2972 698 3022 in
718 2965 868 3029 iudicandis
889 2968 1073 3022 instrumentis
1092 2972 1133 3024 rei
1151 2971 1263 3026 criticae

216 3061 244 3110 et
269 3055 357 3108 indice
380 3053 525 3108 editionum
553 3055 615 3108 aliis
642 3052 709 3107 nibil
735 3051 885 3106 mutaticum
917 3059 944 3107 et
969 3053 1119 3124 augendum
1145 3054 1264 3124 reliquit.

215 3138 300 3194 Nobis
320 3153 386 3193 vero
404 3138 500 3190 iterum
514 3137 637 3193 monendi
655 3145 717 3194 sunt
736 3139 868 3202 tectores,
887 3151 920 3190 ne
941 3135 1005 3208 quid
1019 3135 1092 3190 atiud
1111 3143 1265 3206 exspectent

215 3233 294 3297 quant
313 3221 449 3276 uberioris
470 3225 626 3290 scriptionis
645 3223 893 3288 adumbrationem,
921 3229 948 3275 et
966 3237 1022 3276 eain
1043 3223 1130 3290 magis
1148 3224 1175 3273 in
1193 3223 1263 3274 intc-

213 3313 289 3364 riorc
314 3321 365 3362 usn
390 3309 500 3363 criticae
532 3307 618 3362 stivae
644 3321 723 3377 qnam
756 3309 784 3360 in
815 3306 896 3360 rebus
924 3304 1069 3358 litterariis
1099 3309 1265 3372 occupatam.

214 3393 387 3462 Quapropter
405 3393 531 3461 antiquos
551 3393 717 3461 potissimum
739 3391 828 3444 tontes
843 3391 1029 3459 acquiremus,
1049 3403 1103 3440 non
1122 3385 1172 3442 bos
1185 3389 1264 3442 novi-

212 3481 268 3534 tios
294 3477 427 3532 editorum
453 3476 602 3530 libroruin:
643 3475 739 3548 quibos
765 3489 834 3548 quae
862 3473 953 3550 tactae
977 3477 1039 3529 eunt
1064 3471 1264 3535 vicissitudines

215 3569 318 3628 textus,
345 3562 369 3616 si
389 3576 446 3614 curn
466 3562 520 3615 iiiis
541 3567 744 3631 conparentur,
770 3561 815 3614 vix
834 3547 936 3629 dignae
954 3562 1015 3612 snvnt
1036 3559 1159 3627 occupati
1176 3555 1265 3628 bomi-

214 3649 258 3702 nis
277 3645 462 3716 indagatione.
502 3643 615 3699 0mninc
635 3647 663 3698 in
682 3643 733 3698 bac
752 3648 829 3713 parte
848 3645 1019 3714 antiquarum
1035 3643 1185 3697 litterarum
1204 3643 1263 3712 ptu-

212 3735 283 3788 ritca
307 3735 384 3796 sunt,
411 3743 542 3800 qnae-ne
567 3736 595 3786 te
622 3731 739 3795 lateant,
766 3730 859 3786 sedric
879 3744 976 3784 curare
995 3728 1110 3794 debeas3
1142 3726 1190 3782 sed
1215 3731 1263 3794 ita,

212 3823 243 3872 ut
263 3817 353 3870 statim
373 3815 485 3883 cognita
506 3814 549 3868 vei
568 3814 668 3873 ubertis
688 3813 813 3869 mandata
833 3816 950 3873 menter
970 3815 1148 3880 obliviscare,
1168 3813 1263 3866 saitem

156 3931 163 3944 ·
212 3899 365 3954 dissimules
392 3913 439 3963 ea,
466 3913 545 3969 quae·
556 3899 658 3962 trustra
683 3899 837 3970 subegeris.
878 3879 910 3954 ‘st
938 3901 1001 3971 qnid
1026 3903 1114 3952 antem
1139 3896 1173 3950 ab
1199 3895 1276 3954 atita,

212 3987 266 4038 iam
287 3982 383 4040 dodum
404 3985 543 4054 cciiectum
563 3990 697 4055 repetam,
718 3989 848 4039 communi
867 3987 981 4048 materia
1000 3989 1063 4040 utar
1081 3995 1152 4034 novo
1172 3979 1262 4048 modo,

213 4067 273 4130 tina
292 4071 320 4122 iu
347 4085 377 4125 re
396 4085 437 4124 me
456 4070 597 4124 admodum
617 4068 760 4122 sctiicttum
781 4067 880 4124 babent
907 4071 1049 4140 angustiae
1068 4063 1148 4120 buius
1167 4065 1262 4121 libelii.

210 4151 281 4208 unde
306 4153 426 4210 brevitas
452 4159 565 4210 exsistet
599 4162 693 4224 porum
720 4160 785 4224 apta
811 4155 911 4209 tatibus
944 4153 1043 4216 rebus,
1078 4155 1105 4205 et
1130 4150 1262 4205 interdum

210 4237 397 4294 immodestiae
424 4243 539 4310 speciem
564 4238 699 4293 habitura.
747 4239 801 4295 Sed
826 4235 972 4309 parendum
1001 4241 1061 4290 orat
1093 4237 1260 4297 necessitati,

211 4325 291 4377 etiam
312 4337 369 4378 enm
388 4324 555 4386 incommodo
576 4324 700 4396 quodam.
