2976 4900
524 297 893 369 Pbouubotttbbn.
1237 301 1281 366 llll

122 494 223 548 actem
246 491 362 567 putaret
381 494 412 548 et
434 486 529 550 dunas
551 505 600 555 res
621 505 701 562 esse,
720 488 759 548 in
782 488 886 570 qndbns
906 485 961 550 illa
981 477 1118 571 μίμησις
1144 505 1279 552 uersare-
1347 469 1352 476 ¹

122 601 191 664 tur,
213 589 411 664 (stabilitatem
437 590 561 652 enimet
581 591 729 654 ueritatem
751 589 821 651 solis
835 591 909 652 ideis
928 591 989 652 suis
1004 586 1180 674 tribuebat,)
1201 592 1277 654 banc

123 701 232 766 artem,
272 700 372 772 utpote
402 693 486 754 tertio
523 691 618 770 gradu
648 701 786 754 remotam
810 711 831 754 a
865 692 985 756 coelesti
1011 693 1148 766 ueritate,
1184 675 1276 774 ipsam

124 811 246 875 quoquc
266 812 370 856 ranam
397 795 690 874 contemnendumque
718 804 747 857 et
771 813 891 877 prunam
919 795 1088 874 magistram
1108 795 1185 856 uitae
1211 812 1275 857 esse

124 897 344 958 demonstrabat
360 890 411 971 ²⁶).
454 895 556 976 ltaque
579 905 607 956 et
628 897 781 960 Homerum
800 905 828 960 et
844 897 988 976 Tragicos
1011 914 1074 958 eum
1091 897 1167 966 omni
1181 915 1275 976 grege

123 993 303 1082 ῥαψῳδῶν,
330 995 488 1079 χορευτῶν
514 1005 542 1074 gt
563 999 738 1061 musicorum
763 1019 813 1062 ex·
827 1016 903 1062 nova
923 999 1038 1076 ciuitate
1060 999 1168 1064 eduxit.
1209 999 1275 1062 Pri-

123 1101 246 1164 mariam
272 1099 351 1176 illins
380 1099 549 1160 seutentiam
581 1101 617 1163 de
645 1112 708 1165 arte
737 1103 853 1186 poetica
885 1103 1014 1184 suscepit
1042 1101 1215 1174 Aristoteles
1242 1104 1275 1166 in

116 1202 355 1272 ,celebratissimo
376 1201 494 1281 libello,
528 1212 687 1288 correctam
716 1186 831 1286 quidem
851 1205 961 1285 passim
988 1223 1007 1265 a
1034 1217 1081 1278 se,
1108 1221 1208 1267 rerum
1236 1221 1280 1268 ne.

123 1305 168 1366 sic
196 1303 310 1384 quidem
338 1302 523 1384 explicatam,
556 1313 587 1366 nt
614 1306 717 1386 cuique
744 1307 847 1386 generi
876 1305 1040 1366 Geminum
1069 1307 1140 1368 sutis
1167 1323 1275 1368 conte-

124 1408 216 1468 niret:
255 1404 330 1467 adeo
355 1405 561 1470 didascalieum
582 1425 675 1487 genus
696 1410 734 1470 ab
757 1427 792 1471 eo
814 1426 936 1490 prorsus
958 1406 1130 1474 excluditur.
1172 1405 1275 1486 Neque

123 1518 193 1590 post
223 1507 406 1570 Aristotelem
437 1490 589 1594 quisquam
616 1510 853 1592 pbilosophorum
878 1529 977 1574 teram
1004 1511 1061 1573 nim
1090 1507 1169 1572 illius
1201 1508 1279 1570 artis-
1290 1506 1341 1563 165

124 1620 177 1672 aut
200 1612 364 1674 historicam
385 1612 652 1692 interpretationem
672 1624 755 1676 reete·
774 1624 924 1678 assecutus
946 1613 1069 1677 videtum.
1113 1609 1186 1671 Nam
1207 1610 1279 1704 dum·

122 1713 261 1796 Epicurei
290 1732 400 1776 omnem
426 1716 530 1800 poesin
558 1718 743 1779 etmusicam
771 1721 955 1795 reiiciebaut,
985 1716 1190 1796 negabantque
1219 1714 1273 1774 snb

123 1818 244 1880 llomeri
265 1817 373 1878 fabulis
392 1817 485 1879 latere
507 1817 683 1895 doctrinam,
712 1829 830 1885 ceterae
854 1829 953 1884 sectae
981 1835 1089 1898 magno
1119 1815 1214 1880 studio
1234 1815 1275 1878 ad

122 1929 238 1984 ueteres
267 1909 424 1993 ὑπονοίας
449 1922 655 1998 recurrebant,
676 1923 770 1988 Stoici
791 1895 826 1987 iri
845 1925 963 2007 primis,
985 1923 1085 1996 Zeno,
1107 1919 1274 1993 Cleanthes,

122 2021 323 2102 Chrysippus,¹
352 2040 389 2085 ex
413 2041 534 2104 qnorum
556 2026 670 2106 scriptis
692 2028 842 2092 maximam
862 2034 973 2108 partem
1008 2041 1045 2086 ea
1072 2029 1140 2084 sunt
1159 2021 1274 2094 bansta

122 2135 212 2206 qnae¹
225 2120 397 2186 Heraclides
420 2145 443 2188 s.
466 2127 644 2200 Heraclitus,
667 2125 827 2203 Cornutus,
847 2125 1014 2189 Eustathius
1035 2121 1169 2186 afferunt.
1212 2121 1275 2182 lllis

122 2237 222 2289 antem
257 2223 305 2288 se'
324 2230 462 2313 opposuit
499 2229 704 2302 Aristarchus,
737 2230 834 2292 uerbis
866 2235 972 2311 potitae
1005 2225 1114 2306 ubique
1151 2221 1280 2284 fideliter

118 2329 348 2405 inhaerendum,
383 2340 411 2392 et
445 2332 530 2393 istum
561 2330 720 2392 doctrinam
754 2349 848 2394 meras
876 2348 971 2410 ungas
1008 2345 1073 2392 essa
1099 2333 1205 2408 putans
1221 2318 1275 2402 ²⁷).
1340 2363 1344 2372 ι

118 2411 316 2514 Neqne'rem
337 2433 500 2496 Amstarebi
521 2435 680 2496 auctoritas
706 2454 724 2497 a
745 2434 902 2515 nugatorio
923 2432 1026 2502 studio¹
1041 2430 1162 2492 deduxit
1179 2426 1275 2509 pbilo-¹

120 2538 248 2620 sophos,
278 2553 399 2618 quorum
422 2536 508 2598 etiam
527 2537 745 2616 insequentibus
768 2538 892 2600 saeculis
919 2536 983 2597 fere
1004 2533 1102 2596 nullus
1130 2530 1199 2604 fuit,
1225 2530 1276 2620 qni

119 2659 184 2703 non
211 2639 336 2702 Homero
366 2629 535 2721 ἄπόῤῥητα
562 2639 705 2718 quaedam
737 2640 786 2703 uel
813 2623 892 2702 certe
922 2637 1042 2698 decreta
1077 2642 1174 2696 saeue
1203 2648 1277 2692 suae

114 2741 302 2805 obtunderet.
348 2735 421 2802 Hinc
442 2740 537 2802 facete
558 2740 673 2804 Seneca
688 2735 750 2817 ²⁸):
781 2725 919 2823 Apparet
939 2738 1011 2800 nibil
1029 2739 1132 2800 borum
1156 2751 1223 2796 csse
1243 2734 1275 2793 in

119 2845 194 2917 illo,
224 2844 271 2904 cni
294 2841 389 2904 omnia
410 2843 523 2918 insunt3
568 2843 626 2905 ista
654 2844 729 2905 enim
747 2845 876 2906 intense
907 2840 1054 2905 dissident.
1107 2833 1276 2916 Eodemque

120 2946 250 3029 pertinet
272 2943 421 3024 quaestio,
452 2963 490 3006 an
511 2944 701 3026 philosophus
722 2947 810 3009 iuuerit
831 2954 934 3029 poeta,
963 2950 1089 3006 macuta
1106 2939 1160 3002 illa
1179 2938 1277 3002 Fano-

121 3050 208 3124 rino,
234 3047 387 3126 Longino,
416 3046 564 3109 Oenomao
595 3057 623 3110 et
651 3049 727 3112 aliis.
776 3049 810 3112 ln
837 3068 896 3131 qna
918 3047 1062 3130 quomodo
1084 3052 1217 3108 uersatus
1240 3042 1278 3103 sit

121 3151 321 3232 Porphyrius,
351 3167 388 3210 ex
410 3150 472 3211 eins
495 3149 620 3212 Scholiis
650 3161 678 3214 et
703 3171 834 3216 seorsum
862 3152 946 3214 editis
974 3148 1121 3231 opusculis
1143 3134 1291 3226 apparea‘

122 3254 238 3340 Nempe,
254 3271 292 3320 ex
311 3255 366 3316 boo
389 3259 518 3332 tempore
537 3253 658 3318 maxime
676 3254 847 3316 relabuntur
863 3253 967 3315 Graeci
987 3253 1019 3314 iu
1039 3249 1120 3310 illum
1138 3247 1277 3317 morbum,

123 3367 157 3420 ut
178 3357 287 3438 ubique
309 3354 469 3433 allegorias
490 3343 551 3418 siue
571 3354 752 3434 anagogicas
774 3349 835 3418 siue
849 3355 1002 3416 historicas
1022 3354 1158 3432 captent«
1190 3347 1278 3408 Hisce

123 3460 224 3537 armis,
241 3460 396 3521 llomenum
429 3455 551 3519 Proclus
582 3456 890 3521 defendebat-contra
919 3455 1094 3531 Platonemq
1131 3451 1174 3512 ita
1204 3447 1280 3511 Sim-

123 3561 230 3645 plicius
258 3561 288 3622 in
313 3559 420 3623 tabulis
452 3554 740 3644 παραπετάσματα
767 3577 856 3650 uerae
881 3558 1043 3640 sapientiae
1070 3555 1203 3630 uidebat;
1237 3553 1281 3614 ita

125 3645 252 3745 denique
274 3657 371 3725 intima
393 3671 506 3740 aetate,
535 3681 572 3727 ne
593 3653 692 3745 plur'es
717 3663 875 3746 appellem,
902 3661 992 3725 Mich.
1012 3660 1141 3738 Psellus,
1172 3657 1278 3722 Eurota·
1297 3660 1348 3715 166

162 4025 214 4096 26)
235 4022 386 4096 Praecipue
414 4027 524 4098 legendi
554 4030 615 4080 snut
641 4022 770 4078 studiosis
794 4030 852 4078 tres
875 4022 939 4077 libri
965 4020 997 4075 de
1024 4018 1090 4090 liep.
1119 4015 1152 4076 ll.
1178 4013 1223 4071 111.
1249 4012 1281 4067 X.

235 4111 348 4164 maxime
367 4125 384 4166 a
403 4128 427 4181 p.
446 4115 505 4168 603.
528 4126 585 4164 eum
603 4107 635 4163 ll.
656 4108 688 4162 de
709 4107 829 4180 begga
848 4125 874 4178 p.
892 4109 954 4164 666

161 4207 214 4276 27)
234 4206 302 4264 Vide
319 4205 443 4278 Eustatb.
460 4226 488 4279 p.
506 4215 533 4266 3.
552 4212 595 4266 to.
613 4211 674 4266 561.
692 4210 753 4264 614.
789 4237 792 4244 ·

162 4304 215 4375 28)
234 4303 319 4376 Epist.
339 4303 509 4366 Lxxxvln.
530 4323 584 4362 non
603 4307 620 4359 l.
638 4320 711 4376 apr.
