2944 4900
495 269 868 345 PROLEGOMENAc
1220 281 1262 347 37

213 453 414 540 Οἰῶναιόεα
436 458 519 528 καλὰ
538 458 593 526 καὶ
615 457 752 526 αἰπόλια
779 460 893 528 πλατέ’
913 457 1021 546 αἰγῶν.

103 564 250 628 vellemus
272 565 467 650 antummodo
488 566 519 628 id
540 566 695 630 adiecisset
711 565 892 642 Herodotus,
916 586 975 648 quo
989 575 1117 649 tempore
1139 588 1176 632 ea
1191 587 1261 634 oon·

104 667 229 747 suetudo
252 665 354 728 lonum
373 667 554 750 frequentari
576 669 713 750 coeperit.
765 669 937 750 Quanquam
959 687 1016 732 non
1039 672 1153 736 ridetur
1173 673 1259 736 adde

97 770 290 852 ,frequentata
310 767 415 846 luisse,
443 771 468 832 si
496 769 622 853 quidem¹
639 768 775 832 facillime
803 771 890 832 cessit
918 765 1038 834 chartae
1067 791 1258 856 papyraceus.

102 871 258 950 Enimuero
279 869 376 956 illum,
401 873 427 933 si
448 873 534 936 modo
557 871 635 934 aliae
656 871 784 934 rationes
807 875 944 949 siverint,
965 893 1023 936 non
1045 876 1149 956 cupide
1170 877 1259 940 inter·

102 975 296 1056 pretabimur,
327 973 353 1034 si
381 975 457 1037 hunc
488 994 572 1067 usum
596 973 715 1055 pellium
744 975 796 1034 sub
822 977 960 1056 epocham
988 973 1187 1060 Olympiadnm
1213 979 1259 1039 in-

103 1077 217 1140 duotum
240 1073 407 1168 credamus,
437 1086 465 1139 et
483 1078 603 1159 petitum
625 1077 663 1138 ab
684 1075 896 1152 Orientalibus,
918 1079 996 1160 apud
1016 1099 1105 1160 quos,
1131 1089 1163 1144 ut
1182 1080 1257 1142 alias

102 1181 243 1262 quasdam
273 1179 417 1243 barbaras
450 1188 570 1258 gentes,
605 1179 728 1242 incaluit
761 1181 874 1260 penitus
890 1189 932 1242 'et
963 1181 1120 1246 diutissime
1153 1183 1256 1261 uiguit.

102 1284 159 1347 Sed
182 1293 214 1346 ut
229 1282 303 1344 illud
318 1283 492 1364 sumpseris,
515 1280 594 1362 qnod
608 1287 644 1342 'te
657 1281 755 1344 lacere
769 1292 874 1362 cogent
890 1283 1005 1346 collecti
1020 1283 1125 1346 oulouli
1141 1280 1255 1364 reliqui,

24 1467 25 1470 Ἴ
101 1397 192 1448 aman
220 1403 258 1448 ne
289 1393 372 1446 tunc·
387 1383 501 1467 quidem
529 1383 692 1464 expeditam
718 1403 779 1445 rem
808 1391 837 1446 et
869 1385 1020 1462 uulgarem
1047 1384 1153 1447 lauare
1182 1401 1255 1455 esse,

100 1491 225 1571 ipsarum
256 1477 520 1548 litterarumratio
546 1487 680 1550 ostendit.
730 1469 796 1548 No⁰n
829 1487 952 1568 amplius
979 1503 1124 1550 moramur
1155 1484 1256 1548 Gadud

100 1593 210 1654 litteras
233 1593 271 1649 11
294 1589 342 1651 rel
365 1573 420 1662 to,
444 1605 497 1649 neo
519 1586 682 1652 Palamedis
704 1588 922 1665 3ue14,aut
944 1589 1085 1669 quidquid
1108 1588 1255 1671 discrepat

99 1695 237 1762 historica
256 1690 457 1772 interpretatio
480 1697 610 1752 uetustae
626 1691 832 1754 fabulositatis.
875 1691 990 1756 Certior
1004 1692 1119 1772 quidem
1132 1693 1255 1757 historia

99 1799 190 1862 adhuc
216 1793 335 1858 saeculo
358 1791 407 1856 Vl.
428 1798 457 1852 et
475 1790 510 1854 V.
538 1800 605 1854 ante
629 1793 696 1856 Chr.
720 1793 860 1856 Simonidi
883 1795 944 1858 Ceo
970 1804 1057 1877 atque
1080 1793 1253 1876 Epicharmo

24 1947 26 1982 3
100 1901 216 1971 Siculo,
246 1899 385 1978 antiquae
407 1894 585 1960 Gnncaoiac
608 1899 760 1979 principi,
778 1898 849 1960 satis
875 1898 1005 1976 insignes
1034 1907 1133 1980 partes
1154 1899 1254 1960 tribuit

98 2008 126 2067 in
151 2003 259 2066 litteris
287 1997 465 2078 complendis
495 2004 523 2058 et
548 1998 730 2094 maculandis
759 2001 841 2060 noris
858 1994 917 2076 ²⁷),
950 2019 1032 2079 quias-
1055 2001 1158 2064 deinde
1187 2015 1250 2070 cum
1268 2011 1303 2065 63

97 2107 242 2190 prioribus
264 2105 294 2165 in
315 2110 411 2184 aptam
431 2101 535 2162 seriem
548 2102 685 2165 subactas
709 2097 911 2164 aGcllistrato
931 2101 1071 2180 quodam,
1094 2103 1249 2180 cumdius

97 2212 194 2276 ionica
217 2208 322 2270 Samos
344 2204 460 2286 publice
489 2203 676 2285 usurpavisse
703 2201 795 2264 fertur
812 2197 867 2283 ²³).
916 2200 1013 2283 Atque
1041 2203 1096 2266 hoo
1122 2201 1250 2266 lonicum

24 2379 26 2400 ᾖ
98 2315 280 2395 alphabetum
315 2312 358 2370 21
385 2307 545 2368 litterarum
579 2325 598 2368 a
631 2305 741 2387 populo
773 2307 942 2368 atheniensi
978 2304 1093 2368 tandem
1127 2304 1249 2370 Euclide

24 2419 26 2458 ¹
97 2417 242 2478 Arobome
264 2411 374 2492 Olymp.
395 2409 519 2484 XGllll,
541 2412 570 2470 2.
590 2417 658 2472 ante
678 2407 748 2473 Gbr.
774 2411 836 2470 103
859 2417 1021 2490 receptum,
1043 2427 1097 2471 neo
1118 2408 1160 2469 ibi
1180 2417 1248 2471 ante

97 2523 148 2584 hoc
176 2527 289 2598 tempus
316 2533 398 2575 usum
424 2513 544 2575 duarum
572 2513 727 2592 longarum
755 2511 899 2576 vocalium
927 2511 1104 2592 publicatum
1130 2510 1247 2576 trudunt

97 2623 193 2705 plures
218 2628 248 2682 et
270 2635 309 2682 ex
332 2616 464 2698 probatis
484 2617 650 2678 auctoribus
668 2613 722 2694 ²⁰),

99 2769 405 2786 W

136 2859 184 2928 27)
202 2855 270 2911 Vide
296 2853 394 2925 Hygini
419 2851 484 2908 Fab.
508 2859 568 2912 277.
614 2849 681 2904 Plio.
701 2848 764 2913 Vll,
790 2853 834 2908 bb.
879 2850 970 2904 Tzetz,
1000 2847 1067 2903 Cbll.
1091 2849 1156 2914 Xll,
1182 2853 1242 2908 398.

24 2937 25 2944 ³
196 2939 287 2994 Subol.
306 2942 334 2992 in
352 2939 456 2993 Villois.
475 2939 581 2992 hnecd..
595 2933 641 2990 Gra
661 2935 692 2990 T.
713 2933 744 2988 ll.
763 2953 789 3005 p.
810 2945 866 2995 187.
904 2937 980 2988 tlont'.
1001 2933 1142 3005 spanhem.
1158 2935 1193 2991 de
1213 2933 1243 2990 ll.

196 3033 223 3081 et
243 3023 271 3078 l'.
293 3023 367 3076 Num.
390 3023 461 3078 Diss.
481 3021 513 3076 l'l.
535 3040 560 3092 p
584 3025 627 3078 85.
670 3018 782 3074 Goonsii
801 3023 833 3076 do
851 3022 989 3076 Simonide
1013 3023 1077 3089 tl,
1095 3031 1117 3078 1.
1161 3021 1242 3076 Mon-

196 3113 294 3183 gitoris
314 3109 441 3163 biblioth,
461 3107 507 3162 Sto
536 3107 568 3162 Τ.
589 3107 610 3160 l.
630 3125 654 3177 p.
677 3112 733 3162 181.

134 3201 180 3268 28)
200 3197 238 3252 Eo
266 3195 394 3266 pertinuit
419 3193 556 3247 dicterium
582 3191 772 3262 Aristophanis
801 3195 827 3246 lu
854 3183 1030 3262 Babyloniis,
1061 3189 1152 3242 labala
1177 3193 1239 3256 uiro¹

194 3287 255 3338 427.
276 3296 301 3334 a.
325 3274 386 3332 aar.
405 3277 573 3332 LXXXlllll.
595 3276 637 3333 ot.
653 3284 721 3336 aeta.
757 3277 825 3332 Vide
843 3276 915 3329 Suid.
931 3291 955 3328 v.
973 3278 1097 3345 Σαμίων
1115 3271 1130 3324 ὁ
1149 3273 1241 3342 δῆμος
1290 3269 1292 3274 ’

197 3363 522 3437 1011.1.Ἀττικιαμός,
547 3361 637 3416 Sclrol.
660 3361 726 3416 Ven.
750 3361 815 3416 Coe.
837 3360 866 3413 B.
893 3359 926 3412 ad
945 3359 975 3412 ll.
1003 3379 1028 3424 η.
1057 3361 1124 3417 185.
1148 3354 1239 3409 Tzetz.

195 3451 264 3506 ctat.
282 3450 349 3516 Xll,
376 3445 419 3508 o'c
441 3467 500 3522 sqq.
524 3446 601 3508 buco
627 3447 797 3502 Callistratus
825 3445 894 3514 apud
921 3443 989 3498 bano
1014 3449 1126 3498 uocatur
1144 3438 1239 3494 Gram-

196 3540 323 3604 maticus,
352 3537 417 3591 lauit
436 3537 617 3606 ineptissimus
635 3531 729 3598 bomo,
746 3534 785 3584 'ut
809 3529 898 3584 solent
917 3527 1015 3583 eruditi
1040 3532 1152 3604 istorum
1172 3532 1239 3582 tem-

195 3639 311 3692 poram,
323 3639 404 3695 quum
423 3623 591 3693 antiquiores
608 3618 689 3688 digne
705 3618 816 3682 laudare
835 3615 933 3669 colunt.
963 3612 1077 3669 Gravius
1093 3621 1149 3679 est,
1168 3611 1239 3683 quod

197 3725 231 3762 ex
257 3709 304 3762 illo
334 3707 460 3772 Scholia,
484 3715 538 3761 tum
566 3703 683 3781 inedito,
708 3701 884 3772 Spanhamius
908 3702 999 3755 docuit
1023 3704 1040 3756 l.
1071 3702 1107 3767 Ι.,
1129 3713 1240 3768 operatu

196 3795 345 3848 Callistratl
364 3795 527 3858 auctoritate
544 3789 795 3860 lipborltraditam
818 3801 892 3860 ¹csse.
933 3785 1063 3855 Suspicor
1087 3790 1239 3855 praetcrea,

194 3879 264 3932 hunc
288 3881 448 3948 scriptorem
473 3880 501 3929 in
530 3875 623 3930 ultima
650 3881 727 3943 parto
751 3871 881 3927 historiae
906 3887 986 3937 suae,
1010 3872 1057 3924 ubl
1080 3871 1114 3922 ad
1144 3879 1239 3920 nouam

196 3966 378 4020 recensionem
397 3967 486 4034 legum
512 3957 664 4018 Atticarum
683 3961 776 4015 eiectis
795 3955 879 4008 XXX.
906 3959 971 4010 viris
999 3955 1093 4008 iactam
1113 3954 1239 4016 uenisset,

196 4048 264 4102 hanc
289 4064 391 4106 omnum
417 4063 472 4102 rens
498 4037 616 4115 copiosa
633 4051 782 4106 tractasse,
806 4043 974 4112 indidemque
1003 4045 1154 4109 excerptum
1180 4051 1240 4091 esse

194 4135 279 4188 locum
301 4136 444 4190 Clementis
463 4146 544 4202 supra
563 4147 588 4184 n.
610 4135 649 4186 16.
691 4190 696 4198 ,

136 4219 182 4286 29)
200 4218 360 4274 Nominatim
380 4217 504 4288 Ephoro,
529 4212 865 4284 'Thoopornpmbndrone
885 4211 1022 4282 Ephesio,
1043 4211 1160 4276 fortasse
1179 4207 1241 4262 aliis
1350 4227 1358 4233 ·

196 4305 325 4372 pluribus.
362 4303 414 4360 Pro
435 4301 476 4358 bis
491 4301 606 4359 adeundi
624 4307 685 4356 sunt
702 4301 781 4354 nobis
798 4298 899 4353 turbidi
918 4297 1011 4360 rivuli,
1031 4293 1126 4350 Euseb.
1144 4293 1242 4349 chron·
