2976 4900
415 341 419 344 ·
531 325 902 442 ruouuccmuuu.
1142 295 1146 303 ’
1230 339 1292 408 105

144 503 266 578 datores
284 514 318 574 ιιι
340 509 522 591 corrigendis
545 521 573 576 et
595 515 801 581 concinnandis
821 520 934 582 uadhus
956 522 1016 587 suis
1032 541 1150 606 operam
1168 546 1292 594 narasse

143 617 300 682 contendo.
341 615 426 678 Adeo
441 611 530 694 louge
551 617 706 681 abluerunt
726 619 771 680 illi
792 623 898 704 ιιιιιιι
911 615 1081 702 seueritate,
1107 647 1183 708 quae
1200 639 1292 708 caret,

144 741 184 784 ue
213 722 281 802 quid
310 719 392 781 aliud
418 737 504 798 quam
531 721 568 780 ah
596 720 661 801 ipso
687 729 806 784 auctore
833 725 929 805 operis
959 728 1096 809 scriptum
1124 731 1291 798 inducatur:

144 826 258 888 tametsi
280 841 317 886 ue
331 814 415 904 ‘nuuc
442 821 556 902 quidem
576 822 656 884 illum
677 824 826 904 scopulum
847 826 917 890 satis
940 827 1072 906 fugiunt,
1102 835 1152 912 qni
1172 836 1293 915 iugenio

144 929 256 990 ualent,
297 924 430 1004 Denique
451 924 541 994 omms
565 924 638 986 haec
657 942 708 986 ars
732 925 929 1004 profectaest
950 931 1047 1010 potius
1071 936 1108 996 ab
1123 941 1290 1016 aesthetico,

145 1025 233 1112 quod
247 1035 400 1091 nostrates
413 1033 535 1100 uocant,
559 1043 644 1105 quom
667 1026 765 1090 critico
777 1027 920 1104 iudicior
938 1031 1001 1110 uel,
1027 1043 1060 1096 ut
1080 1037 1123 1100 ita
1142 1039 1248 1117 dicam,
1272 1063 1291 1106 a

143 1133 261 1216 poetica
281 1131 378 1212 potius
408 1147 493 1209 quam
522 1127 707 1208 diplomatica
733 1129 813 1192 fide:
847 1131 968 1197 Praeter
991 1135 1106 1217 reliqua
1135 1142 1219 1206 huius
1245 1148 1291 1209 rei

143 1242 332 1313 argumenta,
363 1247 439 1313 quoae
474 1249 511 1294 ex
542 1231 678 1294 uniuerso
703 1231 810 1296 lilnello
832 1243 933 1298 uostm
959 1237 1046 1300 lacile
1073 1241 1118 1303 adv
1131 1245 1291 1324 perfectam

142 1337 355 1406 inductionum
374 1335 481 1418 coligi·
499 1341 651 1416 poteraut,
686 1335 764 1415 ipsa·
780 1334 966 1400 ·illuc¹=ducit
1000 1342 1091 1415 ratio,
1125 1361 1210 1422 quam
1232 1349 1290 1410 uel

122 1439 270 1520 optimos
290 1436 553 1502 Alexandrinorum
575 1437 605 1498 iu
627 1435 806 1510 emendando
828 1449 943 1502 secutos
966 1443 1217 1519 osscvuiuebimus.

569 1667 788 1800 fuxo.
854 1759 863 1789 ι.
957 1729 960 1736 ¹
1076 1701 1085 1716 ·

245 1895 341 1974 Atque
363 1891 435 1968 hoc,
459 1875 597 1972 quidquid
618 1873 675 1965 est,
698 1889 788 1970 longe
812 1884 990 1976 manifestius
1014 1895 1166 1982 ostendere
1180 1897 1288 1977 liceret,

142 1999 200 2061 nisi
229 1994 395 2102 antiquiora
428 1993 481 2054 illa
507 1993 688 2055 meditamina
709 1990 831 2063 critices
860 2011 953 2075 prope
983 1996 1077 2058 omnia
1104 1975 1290 2065 obscurasset

142 2105 300 2181 insequens
314 2093 431 2173 aeuum,
453 2098 636 2158 obscuratum
652 2094 754 2157 deinde
766 2095 815 2155 et
807 2115 900 2175 ipsum
912 2097 1006 2158 multis
1021 2094 1121 2163 modis
1155 2103 1289 2167 Attamen

142 2212 212 2267 ante
226 2201 405 2264 Zenodotum
420 2208 486 2262 octo
502 2199 634 2262 diuersae
650 2198 810 2279 scripturae
825 2199 971 2280 exempla,
994 2218 1066 2281 quas
1084 2201 1187 2265 Graeci
1200 2199 1289 2288 διορ-

140 2300 268 2378 θώσεις
294 2313 414 2380 uocant,
452 2281 616 2366 nominatim
650 2303 688 2364 ad
719 2320 772 2364 uos
800 2301 915 2398 perlata
943 2309 1017 2363 suut.
1072 2283 1156 2368 Duae
1189 2308 1289 2371 harum

141 2400 352 2508 διορθιισεων
380 2407 498 2472 uomina
527 2412 638 2489 gerunt
659 2399 918 2492 celeberrimorum
941 2404 1083 2484 uranum,
1118 2411 1290 2498 cluamechi,

142 2505 320 2594 Colophonii
338 2516 457 2592 potitae,
484 2515 512 2570 et
534 2506 719 2590 Aristotelis,
749 2505 830 2580 ιοιιιιιι
850 2508 997 2586 ingenium
1018 2507 1103 2571 ferax
1122 2487 1291 2578 beatissima

141 2635 241 2678 rerum
266 2614 452 2676 maximarum
480 2610 573 2691 copia
587 2583 695 2698 ιιιιιιιιιιι
717 2609 912 2670 venustiorem
931 2609 1083 2672 Musarum
1107 2632 1180 2698 opus
1211 2616 1292 2680 dedi-

142 2719 300 2798 gualratur.
353 2708 390 2774 Et
411 2705 468 2774 luas
494 2711 608 2798 quidem
631 2711 814 2773 recensiones
837 2718 918 2791 putet
948 2709 1054 2790 aliquis
1084 2735 1156 2832 prae
1185 2720 1357 2797 ceteris175

143 2809 367 2907 numerandas
361 2833 440 2889 esse,
468 2814 498 2874 iu
527 2813 577 2886 iis,
608 2831 684 2894 quae
710 2815 740 2873 in
763 2813 894 2874 scholiis
912 2809 1105 2906 dicuntur‘
1072 2837 1107 2876 αι
1135 2816 1203 2881 κατ’,
1231 2809 1289 2888 αἰ-

116 2919 207 3003 ,δρα
223 2913 277 2992 38).
317 2917 546 2996 Distinguuntur
566 2916 603 2976 ab
624 2915 669 2976 his
691 2934 725 2990 αι
714 2905 981 2992 ειιιίιιιτιιιιιι’,·ι.
957 2905 1042 2976 sal
1063 2901 1144 2980 saud
1166 2916 1288 3004 πόλεις,

143 3040 181 3086 αι
202 3017 237 3084 ἐκ
259 3015 400 3099 πόλεων,
422 3019 530 3099 ignotis
553 3019 730 3081 auctoribus
775 3017 881 3104 Earum
898 3017 986 3093 duas,
1009 3009 1094 3106 quasi
1112 3019 1289 3089 clarissimae

141 3128 256 3200 famae,
276 3126 335 3186 iam
357 3121 462 3192 dudum
475 3119 643 3182 Eustathius
666 3119 704 3182 ad
718 3099 837 3182 Iliadem
857 3141 916 3187 uua
932 3141 995 3185 cum
1007 3117 1185 3188 Aristotelea
1198 3130 1289 3189 uomi-

142 3236 280 3304 manerat,
302 3209 523 3288 Massiliotieam
547 3231 576 3283 et
597 3221 779 3302 Sinopicum
813 3241 907 3305 nuper
927 3241 967 3285 err
981 3223 1109 3306 Lipsiois‘
1130 3235 1158 3288 et
1170 3227 1289 3290 Venetis

142 3317 272 3396 Sclnoliis
288 3337 413 3412 quatuor
427 3326 504 3388 aliae
518 3319 719 3386 accesserunt:
758 3321 879 3404 purarum
902 3324 943 3398 si,
966 3333 998 3386 ιιι
1021 3327 1154 3408 quaeque
1170 3347 1288 3394 numero

141 3435 276 3520 pluribus
296 3432 468 3495 lectionibus
491 3407 630 3501 innotuit,
659 3427 700 3487 ita
727 3427 831 3506 cuique
856 3427 1026 3490 honoratior
1049 3428 1132 3491 locus
1159 3430 1288 3510 debetur,
1331 3435 1336 3442 '

143 3535 270 3622 (nullum
290 3543 385 3596 autem
400 3531 528 3596 uidemus
553 3536 661 3592 certum
682 3519 811 3592 ordinem
818 3527 847 3608 ,)
871 3531 913 3591 ita
933 3529 1003 3594 illae
1020 3531 1198 3597 ordinaidae
1213 3545 1289 3612 sunt,

145 3640 370 3718 Massiliota'ea,
410 3635 502 3716 otia,
532 3607 677 3716 Argiua,
714 3631 878 3724 Sdeopiea,
905 3633 1037 3718 Cypria,
1068 3633 1200 3708 Cretica.
1242 3637 1290 3702 Ex

140 3739 362 3816 Musslioma,‹
388 3751 475 3819 orrum
500 3743 621 3819 propter
650 3736 904 3815 originem-huius
927 3739 1049 3802 ciuitatis
1080 3737 1289 3819 quodammodo

140 3847 272 3912 ionicam
295 3825 420 3918 dixeris,
441 3841 580 3918 lectiones
604 3839 642 3901 ad
663 3836 782 3919 uiginti,
803 3857 841 3901 en
864 3837 937 3900 Chia
957 3839 996 3901 od
1015 3839 1178 3916 duodecim,
1201 3850 1230 3904 et
1246 3835 1290 3906 itu

144 3950 282 4032 deinceps
295 3943 467 4031 pauciores,
490 3961 518 4004 e*
528 3940 644 4005 Cretica
660 3959 695 4005 ex
715 3939 834 4004 Seleuci
854 3942 1002 4003 notatione
1015 3959 1101 4003 uuam
1115 3944 1288 4026 accepimus.

154 4143 465 4158 Η

180 4254 358 4325 38)Duobus
382 4251 648 4308 autumaremus
673 4265 801 4304 noverum
827 4250 1009 4317 solicitorum,
1040 4269 1068 4320 χ.
1101 4257 1157 4310 108.
1190 4259 1221 4326 ψ’.
1240 4215 1290 4313 ss.

250 4337 420 4396 Sclrollonum
440 4353 541 4428 nomen
555 4335 599 4393 lric
618 4343 644 4392 et
662 4335 728 4392 alibi
748 4337 905 4406 simpliciter
921 4335 1012 4392 tribuo
1030 4337 1149 4396 venees.
