2976 4900
214 277 257 344 88
602 274 974 344 ettonlooottffltn.

217 466 312 532 sonno
334 470 514 540 rovooatam,
537 465 568 525 io
587 461 646 524 iilis
669 463 799 526 omnibns
814 463 940 544 reperiet
959 482 1069 528 meoom
1079 465 1293 546 unnsquisque,
1318 469 1372 548 qni

217 569 304 634 modo
326 576 435 632 ademto
455 565 577 646 legerit,
599 583 694 646 neque
715 566 924 647 eupiditate-et
943 575 1053 630 temore
1075 569 1167 650 oaptis
1183 570 1372 650 opinionibus

221 679 392 737 oooaeoatus
415 669 540 750 libenter
562 676 661 732 eareat
682 668 748 730 lnoe
771 669 910 732 veritatis.

322 775 413 855 Atqui
441 772 526 834 ouius
555 770 651 835 ianuae
680 771 884 844 constantiam,
918 771 1000 834 euius
1028 770 1076 836 vel
1108 772 1166 839 isto
1193 781 1236 838 iot
1262 775 1376 838 indioia

222 879 294 942 satis
320 877 424 940 mirere
448 891 486 936 ex
506 873 542 934 iis
564 873 756 954 temporibus,
784 875 888 954 quibos
917 873 1025 938 dodum
1055 893 1132 938 nora
1154 874 1375 940 tornodorum

223 979 389 1044 Garminom
410 974 588 1050 involuerum
626 975 714 1056 idque
744 983 803 1039 tnm
833 976 913 1057 apud
936 975 1064 1040 Graecos
1086 977 1180 1056 potuit
1208 977 1271 1038 fieri
1291 979 1376 1044 iutra
1478 1025 1483 1032 -

225 1081 298 1144 dnos
326 1087 423 1143 tresve·
450 1082 580 1148 aetatem
615 1063 678 1138 eins
706 1094 779 1156 ergo
808 1077 904 1140 famae
931 1079 1118 1142 constantiam
1139 1095 1176 1140 no
1196 1086 1376 1158 postremum

226 1182 342 1264 quidem
363 1199 464 1244 aerum
478 1179 592 1261 penitus
612 1180 786 1245 obseuraoit.
829 1181 972 1244 Notabilis
992 1197 1029 1242 ex
1051 1181 1106 1243 hoo
1120 1197 1229 1260 genere
1241 1185 1375 1248 narratio

226 1293 270 1348 est
291 1286 322 1347 in
336 1283 462 1352 Soholiis
475 1281 674 1363 Lipsiensibns
694 1277 948 1361 etEustatn108),
968 1276 1150 1346 Δολιύντιαν
1168 1281 1187 1345 i.
1208 1300 1234 1346 e.
1249 1284 1378 1367 rhapso-

160 1388 211 1445 147
230 1386 308 1450 diam
327 1385 358 1448 X
377 1383 487 1448 iliados
511 1384 548 1445 ab
571 1384 697 1447 Homero
714 1400 770 1465 pro
789 1383 933 1463 singulari
954 1385 1095 1468 opnsoolo
1117 1384 1222 1448 tamam
1246 1405 1328 1462 esse,
1357 1410 1378 1452 a

226 1489 379 1555 Pisistrato
401 1495 496 1548 autem
518 1495 663 1569 receptam
690 1488 720 1548 in
742 1485 942 1550 oolleotionem
965 1489 1097 1569 eorporis
1118 1489 1173 1550 soi.
1221 1489 1256 1551 ln
1274 1494 1377 1572 primis

227 1606 298 1652 uero
318 1588 375 1649 huo
394 1587 539 1668 pertinent
566 1588 695 1650 absurda
720 1599 878 1652 commenta
900 1589 1169 1666 Grammaticorum,
1197 1592 1248 1671 qui
1277 1597 1379 1658 euram

227 1689 373 1754 Pisistrati
395 1689 543 1770 explicare
565 1691 680 1766 eonati,
707 1711 795 1772 quom
815 1694 927 1775 priseos
948 1711 1041 1756 mores
1061 1695 1219 1768 nescirent,
1248 1696 1288 1758 ad
1309 1716 1379 1761 cor·

229 1801 330 1874 ruptos
352 1775 483 1854 rumores
510 1800 539 1853 et
566 1793 716 1874 proprium
742 1795 891 1873 ingenium
913 1794 1115 1874 ooniogorout.
1163 1798 1259 1860 Animi
1287 1818 1380 1868 eausa

229 1895 261 1956 in
278 1895 333 1956 hae
352 1894 410 1956 ima
430 1893 542 1974 pagina
562 1895 656 1976 ipsun
677 1895 772 1958 looum
801 1895 878 1958 dabo
897 1895 1044 1960 diomedis
1069 1899 1232 1978 ooiosdam,
1259 1915 1292 1966 ut
1312 1925 1379 1971 eom

230 1995 350 2078 primum
373 1995 500 2058 Allatios
523 2004 552 2057 et
571 2013 664 2079 nuper
685 1997 873 2062 Villoisonins
898 2017 914 2060 e
933 1997 1023 2060 MSS.
1045 1999 1135 2063 edidit
1150 1997 1189 2086 ⁹),
1230 2005 1274 2068 lbi
1292 2008 1382 2073 inorr-

234 2375 238 2384 ι
283 2307 406 2379 8)Eu8i.
426 2311 528 2377 uteo.
546 2311 589 2364 41.
618 2311 731 2373 1Φασὶν,
750 2313 778 2362 οἱ
799 2313 932 2377 παλαιοὶ,
961 2311 1011 2380 τὴν
1031 2315 1184 2388 ῥαψῳδίαν
1203 2318 1305 2389 ταύτην
1330 2324 1383 2399 ὑφ’

334 2388 458 2464 Ὁμήρου
477 2392 537 2460 ἰδίῳ
559 2388 709 2462 τετάχθαι,
737 2393 844 2466 καὶμὴ
870 2396 1090 2468 ἒγκαταλεγῆναι
1116 2406 1176 2462 τοῖς
1199 2407 1309 2479 μέρεσι·
1332 2417 1384 2478 τῆς

336 2473 474 2542 Ἰλιάδος,
493 2473 550 2529 ὑπὸ
571 2475 602 2530 δὲ
619 2476 830 2551 Πεισιστράτου
849 2478 985 2551 τετάχθαι
1007 2486 1046 2543 εἰς
1067 2481 1117 2550 τὴν
1134 2491 1262 2557 ποίησιν.

286 2573 318 2644 9)
334 2571 383 2628 ille
401 2575 418 2628 l.
440 2589 463 2628 o.
482 2590 544 2646 pag.
563 2582 606 2636 93.
627 2575 671 2630 hio
689 2577 787 2632 Aneod.
810 2577 854 2634 Gr.
874 2578 906 2634 T.
926 2579 956 2633 ΙΙ.
980 2598 1004 2651 p.
1026 2586 1081 2640 182.
1099 2597 1158 2654 sqq.
1194 2583 1254 2642 Ὅτι
1272 2592 1305 2646 ἔν
1323 2613 1384 2651 τινι.

336 2654 437 2730 χρόνῳ
462 2659 496 2714 τά
521 2657 646 2736 Ὁμήρου
673 2659 820 2734 ποιήματα
840 2663 1087 2740 παρεφθάρησαν,
1114 2667 1131 2736 ἢ
1155 2667 1212 2723 ὑπὸ
1231 2673 1338 2748 πυρός,
1366 2677 1384 2746 ἢ

339 2743 397 2798 ὑπὸ
424 2750 548 2818 σεισμοῦ
576 2743 593 2813 ἢ
618 2743 675 2798 ὑπὸ
705 2744 819 2806 ὑδάτων
843 2747 1012 2823 ὑποφορᾶς,
1042 2755 1089 2805 καὶ
1121 2751 1299 2827 άλληνᾴλλως
1322 2761 1385 2820 τ’ῶ,

338 2831 457 2898 βιβλίων
476 2829 745 2886 διασκεδασθέντων
763 2833 809 2884 καὶ
828 2833 1000 2907 φθαρέντων
1006 2877 1014 2899 ‚
1033 2833 1155 2911 ὕστερον
1170 2839 1273 2916 εὑρέθη
1291 2845 1307 2898 0«
1324 2851 1385 2919 μὲν

340 2914 415 2982 ἔχων
440 2911 542 2969 ἑκατὸν
567 2918 684 2984 στίχους
712 2913 800 2983 τυχὸν
828 2915 1013 2988 Ὁμηρικούς,
1046 2920 1062 2974 ὁ
1088 2922 1120 2976 δὲ
1139 2928 1266 2993 χιλίους,
1295 2929 1386 2995 ἄλλος

340 2998 521 3061 διακοσίους,
555 2993 639 3058 άλλος
665 2997 752 3057 ὅσους
779 2996 815 3054 oio
841 3000 936 3070 ἔτυχε,
964 3009 1011 3056 καὶ
1036 3007 1135 3078 ἔμελλε
1158 3009 1232 3085 λήθῃ
1255 3020 1385 3085 namorp.

341 3081 449 3134 δοσθαι
467 3080 484 3149 ἡ
505 3079 620 3149 τοιαύτη
638 3088 770 3149 ποίησις
788 3079 858 3137 ἀλλὰ
875 3092 1100 3164 Πεισίστρατος,
1119 3092 1279 3163 Ἀθηναίων
1292 3119 1385 3177 στρα-

341 3163 440 3235 τηγὸς,
461 3169 555 3223 θέλων
573 3167 663 3238 ἑαυτῷ
682 3166 771 3228 δόξαν
789 3168 1052 3241 περιποιήσασθαι,
1071 3181 1118 3229 καὶ
1138 3178 1171 3232 τά
1190 3190 1243 3236 τοῦ
1257 3183 1386 3264 Ὁμήρου
1486 3233 1487 3256 χ

341 3246 515 3316 demorsione,
548 3251 684 3309 τοιοῦτόν
716 3273 743 3305 τι
769 3253 966 3320 ἔβοολεὺοατα
1013 3258 1166 3334 Ἐκὴρυξεν
1189 3266 1221 3322 ἐν
1245 3269 1323 3344 πάσῃ
1350 3281 1386 3348 ,ᾖ
1486 3258 1487 3274 ι

339 3331 467 3402 Ἑλλάδι,
501 3335 553 3394 τὸν
578 3338 682 3408 ἔχοντα
708 3336 876 3410 Ὁμηρικοὺς
904 3349 1019 3414 στίχους
1042 3345 1163 3418 α’γαγεῖν
1186 3350 1264 3423 πρὸς
1285 3353 1385 3423 αὐτόν,
1486 3379 1487 3404 t

341 3419 390 3472 ἐπὶ
406 3427 507 3492 μισθῷ
527 3420 678 3494 ὡρισμένῳ
700 3424 764 3476 καθ’
783 3423 905 3482 ἕκαστον
919 3432 1034 3498 στίχον·
1054 3429 1159 3493 πάντες
1178 3430 1230 3491 οὖν
1248 3441 1278 3494 σί
1296 3441 1385 3511 ἔχον-

341 3521 387 3562 τες
399 3501 559 3578 ἀπέφερον,
578 3510 625 3558 καὶ
638 3503 801 3576 ἐλάμβανον
814 3506 1016 3586 α’διαατρόφαίς
1029 3511 1080 3569 τὸν
1093 3513 1249 3589 ὁρισθέντα
1260 3527 1385 3597 μισθόν.

344 3583 402 3640 Οὐκ
421 3584 565 3642 άπεδίιοκε
584 3589 615 3642 δὲ
634 3588 701 3644 οὐδὲ
720 3589 772 3648 τὸν
790 3597 918 3667 φέροντα
938 3594 986 3658 οὓς
1003 3596 1056 3666 ἤδη
1074 3603 1246 3680 προειλήφει
1266 3615 1387 3681 στίχους

341 3671 409 3742 παρ’
428 3670 543 3746 ἑτέρου,
568 3671 638 3728 ἀλλὰ
656 3674 778 3748 κᾴκείνῳ
799 3679 851 3736 τὸν
868 3680 956 3737 αὐτὸν
979 3679 1116 3738 ἐπεδίδου
1134 3688 1261 3759 μισθόν·
1287 3693 1387 3752 ἐνίοτε

341 3752 396 3829 γὰρ
416 3755 448 3812 ἐν
472 3755 570 3818 αὐτοῖς
591 3759 641 3822 ἕνα
667 3759 684 3830 ἢ
709 3760 761 3816 δύο
781 3771 896 3836 στίχους
916 3764 1027 3842 εὕρισκε
1045 3759 1210 3842 περιττούς,
1235 3778 1330 3834 ἐνίοτε
1352 3784 1385 3838 δὲ

339 3842 387 3893 καὶ
404 3844 534 3903 πλείους·
554 3839 625 3900 ὅθεν
644 3865 685 3906 τις
704 3847 766 3906 ἔσθ’
785 3846 833 3904 ὅτε
851 3854 899 3904 καὶ
916 3853 1010 3913 ἰδίους
1025 3857 1226 3934 παρειςέφερε,
1246 3859 1312 3926 τοὺς
1330 3873 1387 3923 νῦν

340 3922 566 3998 ὀβελιζομένους.
609 3933 666 3984 Καὶ
690 3930 762 4004 μετά
790 3931 822 3986 τὸ
843 3932 954 3998 πάντας
973 3948 1163 4010 συναγαγεῖν,
1187 3946 1387 4021 παρεκάλεσεν

340 4008 382 4076 οβ’
409 4009 436 4077 (ό
463 4009 559 4080 Addat.)
584 4015 800 4087 γραμματικοὺς
825 4026 1027 4080 συνθεῖναι
1051 4025 1093 4083 τά
1126 4035 1189 4082 τοῦ
1212 4031 1386 4107 Ὀμῆρου.

339 4092 462 4151 ἕκαστον
479 4094 539 4150 κατ’
559 4097 653 4163 ίδίαν,
680 4099 758 4164 ὅπως
777 4099 814 4160 ἃν
835 4102 904 4178 δόξῃ
929 4114 967 4176 τῷ
993 4116 1159 4169 συντιθέντι
1184 4120 1275 4180 καλοῖς
1296 4119 1386 4189 ἔχειν,

339 4175 389 4230 ἐπὶ
405 4186 506 4250 μισθῷ
524 4183 669 4255 πρέποντι
695 4189 824 4257 λογικοῖς
851 4187 975 4265 ἀνδράσι
1000 4198 1048 4248 καὶ
1067 4205 1177 4270 κριταῖς
1203 4201 1387 4276 ποιημάτων,

339 4259 449 4334 ἑκάστῳ
468 4264 599 4330 δεδωκάς
618 4267 729 4332 πάντας
746 4271 810 4336 τοὺς
832 4278 948 4348 στίχους
965 4279 1023 4335 κατ’
1043 4281 1137 4348 ἰδίαν,
1157 4281 1244 4348 ὅσους
1262 4284 1297 4354 ἦν
1317 4303 1388 4346 συν·
