2976 4900
500 333 868 410 emendantibus.
1227 349 1269 417 81

111 535 141 588 et
164 527 245 608 quod
268 545 327 590 nou
347 531 404 612 ipsi
423 530 486 594 lieri
505 532 677 607 uiderimus,
700 533 730 596 id
752 531 815 595 lieri
838 534 953 596 omuino
977 551 1036 598 non
1057 548 1147 618 posse
1168 539 1270 620 opine·

111 649 188 694 mur.
241 631 302 694 Sed
323 633 504 714 pergendum
528 643 572 696 est
592 631 677 696 uoltis
698 634 737 696 ad
757 635 879 697 alterum
907 651 1001 715 genus
1023 647 1268 716 argumentorum,

113 751 153 795 ex
175 751 255 814 quo,
290 735 401 796 etiamsi
421 736 536 817 reliqua
557 737 653 800 omnia
673 736 860 811 tollerentur,
888 737 1104 820 inexplioabilis
1126 739 1267 804 dubitatio

111 843 284 898 nasceretur
317 837 354 898 de
385 837 522 900 universa
550 839 645 901 lorma
673 840 775 903 horum
803 839 973 902 carminum.
1025 838 1081 902 -Est
1116 857 1152 904 ea
1180 860 1266 918 nune,

111 939 220 1018 inquit,
249 938 332 1012 talis,
363 948 396 1002 ut
425 956 479 1004 nee
506 941 617 1005 addere
647 941 805 1022 quidquam
830 960 884 1005 nea
906 943 1021 1006 demere
1039 941 1129 1004 saluis
1148 944 1264 1024 legibus

112 1039 278 1118 elegantiae
297 1039 393 1102 lineat.
442 1043 555 1115 dudio,
573 1032 613 1106 ¹et
637 1060 674 1107 ex
698 1050 783 1124 parte
810 1044 898 1126 plane
919 1045 1018 1121 uideo,
1047 1045 1165 1127 illisque
1191 1043 1265 1109 dea-

111 1139 305 1214 σκευασταῖς
326 1142 422 1206 habeo
452 1146 586 1224 gratiam.
638 1148 678 1210 At
703 1162 799 1208 nonne
832 1147 961 1209 omnibus
991 1149 1046 1210 erit
1073 1150 1262 1228 manifestum,

111 1261 163 1306 eos
190 1245 238 1305 his¹
266 1245 402 1326 operibus
429 1247 645 1310 conformandis
671 1249 821 1330 propriam
847 1255 937 1310 artem
965 1248 1148 1327 adhibuisse,
1174 1271 1262 1333 mum

109 1347 333 1409 demonstratum
347 1347 455 1424 luerit,
478 1350 508 1411 iu
529 1358 654 1432 utroque
675 1369 734 1413 non
754 1349 856 1424 modo,
877 1349 956 1430 quod
978 1357 1045 1414 ante
1066 1354 1261 1432 ostendebam,

109 1448 269 1532 particulas
289 1449 445 1530 quasdam,
467 1452 519 1514 sed
532 1461 619 1515 'totas
641 1451 816 1534 rhapsodias
835 1451 947 1526 inesse,
969 1467 1045 1532 quae
1063 1454 1181 1518 Homeri
1201 1474 1261 1520 non

108 1558 190 1626 suut,
210 1550 240 1612 id
261 1559 304 1612 est
323 1552 401 1628 eius,
422 1572 441 1614 a
461 1572 519 1634 qno
541 1555 634 1620 maior
654 1574 724 1638 pars
748 1563 777 1618 et
791 1555 921 1636 priorum
933 1554 1155 1637 rhapsodiorunu
1168 1559 1259 1622 series

108 1653 232 1716 deduota
256 1654 320 1716 esti
371 1713 377 1718 ,

213 1752 335 1817 Constat
363 1757 420 1817 ianr
449 1755 517 1818 olim
549 1757 708 1822 dubitatum
737 1778 803 1823 esse
838 1760 875 1821 ab
903 1757 1100 1841 Aristophane
1131 1759 1201 1843 Byr.
1221 1771 1258 1827 et

108 1853 293 1932 Aristarcho,
314 1877 372 1922 non
391 1859 475 1921 nimis
498 1861 658 1925 audaeibus
677 1865 708 1925 in
731 1859 788 1925 boo
812 1877 921 1942 genere
946 1860 1076 1938 Critieis,
1099 1863 1134 1928 de
1157 1871 1258 1927 auoto-

108 1961 194 2022 ritate
218 1967 409 2024 euhemerum
431 1961 581 2043 Odysseae
602 1965 670 2028 inde
691 1985 721 2028 a·
736 1972 775 2050 ψ.
799 1966 873 2029 297.
924 1963 1093 2044 Eademque
1115 1964 1257 2029 dubitatio

107 2064 213 2126 inieeta
240 2071 284 2127 est
306 2065 391 2126 etiam
423 2065 460 2127 de
487 2065 596 2129 iliados
619 2065 659 2128 Ω.
677 2063 714 2147 ¹).
765 2066 901 2128 Neutrius
931 2065 1046 2146 quidem
1068 2064 1254 2140 dubitationis
1274 2076 1325 2131 136

108 2183 214 2229 musae
233 2167 265 2229 iu
279 2176 409 2230 neutram
422 2177 534 2250 partem
547 2169 681 2231 adhue‘a
696 2185 843 2250 quoquam
857 2162 1020 2248 explicatae
1036 2175 1117 2242 sunt,
1139 2168 1257 2234 illorum

107 2276 201 2332 autem
229 2277 358 2332 ueterum
372 2271 595 2354 :disputationes
623 2289 726 2353 parum
749 2270 873 2335 lideliter
901 2269 984 2334 nobis
1009 2269 1151 2332 traditae:
1189 2289 1256 2334 nam

108 2390 158 2434 eos
189 2373 334 2436 historicis
349 2376 524 2437 ‘rationibus
561 2382 589 2437 et
617 2375 738 2455 antiqua
767 2374 846 2437 fama
877 2371 916 2434 od
945 2371 1168 2436 oonirmandam
1182 2391 1257 2438 *rem

106 2492 176 2539 usos
201 2493 267 2537 esse
287 2477 521 2540 uerisimilliuinrn
543 2484 602 2538 est:
636 2483 731 2538 tamen
754 2473 865 2557 aliquid
887 2475 991 2538 dioturn
1011 2483 1056 2537 est
1076 2475 1113 2536 ab
1134 2475 1185 2549 iis,
1205 2476 1256 2556 qni

106 2579 299 2641 dubitationes
323 2580 494 2654 attulerunt,
523 2579 602 2641 nihil·
623 2580 660 2640 ub
687 2580 749 2654 his,
780 2579 830 2658 qui
859 2595 910 2638 ess
936 2576 1079 2639 disoutere
1107 2575 1254 2639 uolebant.

104 2681 218 2744 Etenim
247 2681 292 2742 illi
312 2683 450 2744 inusitata
469 2681 599 2746 'llomero
629 2688 658 2742 et
676 2681 795 2760 ingenio
817 2681 878 2750 eius
902 2679 1025 2758 indigna
1049 2678 1137 2762 plura
1166 2695 1199 2740 se
1224 2679 1257 2740 in

106 2785 152 2847 his
181 2784 293 2847 duobus
322 2785 405 2846 libris
436 2781 660 2864 deprehendisse
688 2782 888 2855 affirmabant,
924 2782 956 2843 hi
980 2781 1029 2844 rel
1057 2781 1256 2860 antiquitatem

106 2905 206 2951 eorum
230 2896 258 2950 et
272 2886 512 2969 pulchritudinem
530 2885 696 2967 probabant
717 2884 834 2964 Virgilii
853 2890 882 2945 et
897 2881 1063 2964 aequalium
1084 2883 1257 2964 scriptorum

106 2991 294 3066 auctoritate,
315 2991 414 3070 (quasi
435 3007 494 3050 non
512 2988 602 3068 louge
622 2989 817 3069 antiquiores,
839 2986 936 3051 Plato,
948 2979 1181 3063 etllristoteled,
1203 3004 1256 3050 eos

104 3112 162 3177 pro
191 3094 350 3156 Homericis
377 3091 532 3155 laudarent
539 3089 570 3180 ,)
597 3091 646 3154 uel
670 3091 871 3154 nenessitatem
902 3090 940 3153 ad
968 3091 1108 3152 iustorum
1137 3107 1257 3171 operum

104 3199 228 3260 formam
254 3206 283 3259 et
311 3211 474 3259 mensuram
501 3193 700 3276 implendam
741 3193 827 3269 Quod
855 3199 1054 3274 argumentum
1089 3191 1177 3270 quale
1208 3193 1256 3262 sit,

103 3297 195 3362 facile
218 3305 355 3381 apparet,
373 3295 520 3378 pudetque
542 3313 612 3370 nos,
631 3294 704 3356 illud
725 3293 872 3357 relellere.
920 3293 964 3356 Eo
989 3293 1063 3354 enim
1083 3291 1156 3351 nihil
1175 3289 1257 3352 alind

104 3401 230 3478 docent,
256 3400 315 3464 nisi
335 3399 412 3481 quod
441 3399 498 3480 ipsi
521 3399 617 3481 parati
639 3406 735 3462 essent
752 3398 826 3460 haee
848 3397 1056 3481 complementa
1076 3392 1200 3470 addere,
1230 3393 1257 3455 si

164 3664 193 3732 1)
212 3663 251 3718 De
269 3661 390 3734 Odyssea
409 3667 468 3724 ride
488 3665 577 3722 Sohol.
597 3668 632 3727 ad
648 3685 672 3724 u.
693 3685 716 3726 o.
736 3676 763 3724 et
780 3665 901 3724 Eustath.
924 3683 951 3736 p.
977 3666 1053 3722 1948.
1076 3665 1120 3722 tr.
1141 3662 1256 3718 ibidem-

214 3765 265 3818 que
292 3739 412 3818 Clarlsii,
439 3751 570 3806 baeeriae
594 3758 621 3808 et
645 3752 723 3823 Popii
742 3753 832 3818 Nota,
859 3752 906 3830 uhi
930 3749 1106 3806 Aristarchea
1125 3753 1259 3810 sententia

214 3838 241 3886 et
266 3837 329 3888 noui
355 3836 494 3891 adiutores
526 3838 583 3891 elus
604 3836 778 3904 refelluntur,
807 3836 982 3891 casaubonus
1007 3841 1033 3890 et
1058 3833 1192 3901 Rapidus:
1224 3831 1257 3885 do

212 3913 298 3972 lliade
317 3917 400 3976 lensii
423 3921 502 3978 Ohss.
522 3921 555 3976 do
576 3922 639 3975 stilo
661 3921 735 3976 llum.
759 3937 786 3990 p.
811 3927 872 3982 290.
891 3927 918 3976 et
936 3920 1040 3978 hames.
1061 3915 1177 3972 Misoell.
1197 3917 1258 3971 orit.

212 4017 238 4070 p.
256 4004 317 4058 ¹152.
336 4013 563 4079 sqq-eontraque
587 4006 637 4062 hos
655 4006 717 4062 Ern.
746 4007 781 4060 ad
810 4028 840 4064 ω.
865 4016 910 4065 1.,
937 4005 1094 4075 Quanquam
1119 3999 1259 4055 Dawoslus

213 4089 314 4155 primus
333 4094 413 4146 etiam
431 4090 462 4146 ΙΙ.
487 4098 519 4147 Y.
538 4097 622 4146 totam
639 4093 684 4147 uel
702 4092 825 4162 magnam
844 4095 902 4146 eius
927 4095 1030 4161 partem
1048 4083 1164 4138 homero
1187 4083 1259 4138 indl-

212 4186 294 4241 gnam
317 4176 496 4234 indicaverat.
530 4175 561 4230 ln
581 4176 703 4248 Odyssea
730 4182 874 4244 praeterea
899 4173 977 4230 eodd.
1004 4169 1110 4240 aliquot
1133 4167 1260 4223 indiaium

211 4254 312 4312 babent
334 4261 407 4314 illius
424 4263 609 4331 suspioionis,
635 4267 664 4316 ut
688 4260 849 4317 Glarkianus
875 4274 891 4312 a
914 4256 965 4313 Th.
985 4254 1109 4312 Bentleio
1136 4254 1260 4320 collatus,

212 4345 240 4394 et
258 4342 311 4398 duo
330 4343 466 4400 Vindobb.
488 4345 519 4402 V.
538 4352 565 4401 el
585 4343 730 4403 cxxxssl.

151 4443 182 4488 W
190 4443 248 4487 oli..
259 4447 350 4498 Proles.
1031 4427 1053 4494 6
