2944 4900
498 351 873 430 ruonscoucua
1235 367 1258 434 o
1370 423 1374 436 .

103 549 153 610 diu
173 550 329 612 exanimo
352 556 381 613 et
401 557 556 634 conspeetu
579 553 671 616 amisi.
722 549 795 615 Nam
815 553 940 636 plurima
960 553 1092 617 sidonam
1112 555 1180 616 mibi
1199 573 1258 618 non

102 649 199 712 solnm
221 651 387 732 colligenda
409 655 461 716 sed
481 655 566 717 etiam
585 652 723 717 discenda
743 664 772 718 et
790 656 829 717 ah
849 653 938 716 initiis
958 657 1163 736 pertractanda
1183 675 1258 735 esse,

104 754 214 834 quippe
232 755 282 834 poi
304 763 378 832 tum,
396 777 483 838 mum
502 759 623 839 primum
645 758 772 834 ederem,
793 757 906 820 doctam
927 759 1191 839 interpretationem
1207 762 1258 824 rix

104 856 275 936 attigissem.
319 857 421 939 ltaque
443 876 566 921 exorsus
588 857 625 921 ab
641 857 806 935 lastadio,
831 860 1044 940 grammaticam
1061 869 1172 943 partem
1195 863 1257 925 eiua

104 958 262 1038 diligenter
283 962 413 1031 excussis
448 977 516 1024 mox
535 962 669 1044 excerpti
695 963 849 1036 lectiones,
881 979 955 1042 puae
981 962 1033 1023 ille
1061 971 1113 1024 aut
1141 964 1172 1024 in
1193 963 1260 1026 rud-

104 1061 181 1140 gatis
205 1063 343 1145 exemplis
365 1064 443 1139 suis,
470 1071 521 1126 aut
549 1065 593 1124 in
607 1065 787 1149 marginibus
812 1081 926 1137 eoram,
954 1062 1001 1125 rel
1021 1065 1093 1126 alibi
1112 1068 1258 1148 reperisse

105 1181 136 1225 se
154 1163 304 1245 proderet.
347 1165 475 1227 Adiunxi
496 1165 616 1240 deiude,
643 1177 762 1250 praeter
783 1173 882 1230 cetera
901 1172 960 1226 tum
985 1165 1107 1247 uulgata
1128 1167 1257 1244 Scholia,

105 1267 210 1329 bonum
233 1285 380 1331 numeram
400 1269 573 1332 variantium
597 1276 626 1331 et
648 1277 782 1334 notarum
808 1267 905 1330 critici·
925 1269 1058 1346 generis,
1089 1289 1163 1351 qnos
1189 1271 1258 1334 milui
1312 1296 1317 1306 ·

105 1370 162 1432 duo
183 1389 263 1434 nunc
290 1369 525 1434 desideratissimi
548 1371 632 1433 amici
652 1389 696 1434 euv
711 1372 775 1434 eod.
796 1369 942 1451 lipsiensi
961 1369 1095 1433 Paullino
1120 1372 1260 1451 exsigna-

105 1481 223 1548 uerant,
266 1474 297 1534 iu
329 1493 453 1538 recensu
486 1473 661 1538 Ernestiano
705 1473 835 1537 omissas.
900 1470 1005 1534 Paullo
1036 1481 1104 1555 post
1136 1475 1258 1557 proprio

107 1574 200 1638 stndio
228 1575 363 1658 perrolr'i
388 1577 646 1657 lexicographos,
680 1575 861 1638 scholiastes
892 1582 920 1636 et
947 1573 1024 1638 alios
1050 1575 1259 1642 Grammaticos

106 1684 233 1754 ueteres,
268 1686 343 1754 tum,
377 1686 466 1761 prout
498 1688 613 1760 tempus·
638 1695 730 1740 meum
758 1675 889 1753 ferebat,
926 1677 1057 1760 reliquos
1091 1681 1259 1762 scriptores,

109 1775 298 1864 quoscunque
318 1779 409 1844 ullum
421 1781 593 1844 Homericae
611 1783 773 1864 scripturae
789 1781 941 1860 vestigium
961 1799 1080 1845 seruare
1097 1784 1258 1864 sperabam

108 1881 206 1964 Nepote
228 1885 305 1947 inter
325 1885 399 1946 baec
421 1881 538 1962 neglexi
560 1889 662 1964 poetae
683 1881 828 1955 Graecos,
858 1883 889 1944 in
910 1884 1009 1966 primis
1033 1885 1259 1964 Alexandrinos,

109 1985 279 2050 imitationes
299 1987 417 2050 Homeri
436 1994 621 2059 consectans,
652 2003 712 2047 non
738 1994 785 2060 ut,
812 1986 956 2065 quomodo
978 1987 1066 2050 lores
1096 1990 1208 2052 olerent
1228 1992 1260 2053 in

110 2085 231 2150 alienum
259 2089 353 2152 solum
379 2088 528 2161 translati,
564 2087 757 2162 adverterem,
788 2088 842 2150 etsi
872 2089 934 2149 eins
968 2089 1072 2164 studii,
1106 2109 1161 2153 suo
1189 2092 1308 2162 loco17

109 2191 243 2268 admotu,
271 2209 331 2254 non
354 2190 483 2272 despicio
514 2189 705 2269 elegantiam
743 2189 795 2251 sed
826 2189 920 2250 sicubi
947 2190 997 2251 isti
1023 2209 1078 2252 usu
1104 2193 1258 2255 verborum

110 2304 136 2356 et
162 2313 275 2375 genere
299 2293 453 2377 loquendi,
488 2293 526 2356 ad
553 2291 712 2375 principem
738 2292 810 2353 artis
838 2309 910 2354 suae
938 2291 1135 2370 oonlormato,
1166 2295 1259 2374 signi·

110 2395 240 2471 icarent,
269 2397 339 2478 quid
369 2398 399 2459 in
424 2395 536 2479 optimis
559 2393 772 2476 exemplaribus
798 2393 1054 2481 illiuslegissent,
1086 2403 1137 2458 aut
1155 2396 1259 2475 legen-

111 2499 171 2562 dum
190 2503 252 2584 ipsi
273 2502 462 2564 censuissent.
506 2500 595 2562 (iuius
617 2497 888 2573 animaduersionis,
910 2517 949 2560 ne
970 2498 1036 2579 ptris
1058 2516 1122 2560 eam
1139 2498 1259 2578 longios

111 2614 260 2685 evagatam
279 2613 374 2686 putet,
401 2603 472 2664 satis
499 2619 634 2681 magnum
658 2601 785 2662 ‘fructum
803 2601 937 2682 percepi,
964 2601 1135 2682 praesertim
1160 2617 1198 2663 cx
1221 2599 1260 2664 iis

111 2709 217 2786 poetis,
241 2724 315 2787 quos
335 2708 501 2785 ambiguum
523 2713 567 2766 eat
584 2711 725 2786 pottasne
745 2703 843 2766 terius
857 2721 903 2763 au
921 2702 1098 2768 litteratores
1120 2703 1258 2766 dicamus.

111 2807 152 2870 lta
168 2827 242 2873 uero
263 2805 592 2870 lustratis‘Graeoarum
614 2813 643 2866 et
666 2805 835 2866 Latinarum
855 2801 1014 2864 litterarum
1032 2803 1152 2864 latebris
1170 2805 1261 2866 omni-

112 2911 177 2988 bus,
201 2929 279 2993 quae
301 2912 414 2994 uspiam
434 2917 586 2990 susceptae
605 2905 650 2968 rei
670 2905 862 2967 adiumentum
876 2905 1075 2982 ostenderent,
1096 2907 1261 2990 grandique

113 3011 262 3078 lectionem
283 3022 312 3076 et
335 3014 498 3076 critioarum
517 3010 694 3073 notationum
715 3016 858 3089 apparatu
878 3017 1042 3086 contracto,
1065 3011 1142 3076 aucti
1162 3028 1260 3072 sumus

113 3115 224 3180 Venetis
256 3117 315 3178 iliis
349 3122 377 3180 et
406 3114 676 3181 vindobonensibus
711 3112 876 3194 praesidiis,
934 3109 1033 3176 Nouus
1066 3115 1113 3176 tuo
1143 3131 1260 3195 campas

116 3231 228 3301 apertus
240 3217 498 3284 nouumlaborem
521 3215 626 3278 obiecit
646 3215 677 3274 iu
697 3214 734 3274 iis
753 3215 844 3296 ipsis,
867 3233 943 3294 qnae
965 3216 1100 3278 absoluta
1119 3225 1261 3296 putaram.

115 3321 248 3387 Videbam
271 3323 345 3384 euim
365 3321 470 3384 bonam
491 3325 603 3400 partem
630 3315 781 3378 coniectae
808 3317 874 3378 tiae
900 3317 969 3377 mihi
995 3316 1155 3378 iterandam
1187 3333 1261 3391 esse,

115 3435 143 3488 ut
170 3428 292 3510 primam
319 3442 439 3487 messem
467 3439 529 3484 cum
562 3419 644 3480 noris
674 3417 778 3499 opibus
808 3417 1025 3495 contenderem,
1057 3424 1100 3492 et,
1134 3417 1161 3477 si
1184 3417 1261 3480 forte

117 3528 222 3610 aliquid
243 3527 314 3590 utile
336 3534 423 3589 antea
441 3543 496 3607 pro
519 3524 600 3606 spico
621 3539 746 3604 nequam
767 3521 939 3595 omisissem,
966 3519 997 3583 id
1019 3537 1056 3584 ex
1079 3520 1262 3583 contentione

117 3633 217 3696 rectius
237 3631 416 3694 aestimatum
437 3621 687 3710 reprehenderem.
735 3625 800 3702 Qua
826 3625 856 3686 iu
886 3643 976 3707 opera
1001 3642 1059 3704 qno
1086 3641 1262 3705 progressus

118 3751 173 3796 sum
193 3735 312 3814 longius
323 3776 332 3807 ‚
355 3751 390 3796 eo
412 3731 571 3794 mirabilius
593 3729 708 3791 sentire·
723 3729 807 3810 coepi
829 3729 865 3790 de
885 3727 1059 3791 Venetorum
1080 3725 1278 3789 Scluoliorum

117 3837 304 3916 praestantia,
333 3837 395 3898 sine
410 3835 528 3914 -tpnibus
549 3834 700 3896 multarum
721 3832 877 3894 lectionum
891 3837 929 3890 et
948 3847 1082 3892 temanum
1103 3829 1262 3890 audoritas

118 3939 195 4001 nobis
219 3956 341 4022 prorsus
363 3939 541 4022 incomperta
562 3943 646 3997 esset.
680 3930 797 4013 'Neque
826 3933 882 3995 lucc
905 3930 990 3992 nobis
1014 3930 1084 3992 solis
1107 3929 1262 3990 dolendum

119 4049 193 4118 erat,
213 4043 263 4122 qui
285 4043 314 4103 in
333 4041 378 4102 iris
399 4039 500 4100 studiis
519 4047 579 4100 tam
600 4055 836 4127 serouerspmnr.
879 4030 950 4096 Nam
972 4033 1058 4094 etiam
1073 4030 1261 4106 Eustatltiunt,

120 4161 197 4222 quem
217 4144 321 4208 deinde
335 4143 439 4204 iterum
453 4141 623 4220 tertiumque
645 4139 829 4218 comparari,
852 4156 937 4219 qurum
950 4135 1141 4222 antiquissimi
1154 4137 1263 4199 codicis
1326 4161 1332 4170 ·

119 4243 184 4310 Ven.
207 4245 506 4311 concitamenta
531 4243 687 4315 caruisset,
712 4241 770 4301 ista
794 4241 825 4300 in
855 4257 887 4302 re
915 4241 1040 4316 cognovi
1066 4238 1143 4301 barud
1171 4237 1262 4301 multo

120 4347 233 4413 nabore
260 4349 380 4413 iortuua
406 4365 504 4424 nsum,
534 4363 622 4429 qnam
651 4343 778 4426 quemvis
805 4341 997 4406 recentiorum
1029 4342 1171 4446 editorum
1198 4356 1314 4414 cum1s
