2976 4900
517 335 894 404 P'ROLEGOMENA·
1240 339 1284 406 87

126 525 201 586 dare
223 525 362 586 uidentur
380 526 495 588 codices
516 527 696 606 siugnrlsruru
716 528 950 609 rhapsodiamm,
981 535 1106 609 sputos
1124 529 1219 604 lorto,
1248 539 1280 591 ut

126 627 238 689 Suidas
261 627 361 701 docet,
389 627 419 688 in
446 628 536 690 uariis
557 629 693 704 urbibus,
722 648 795 710 quas
816 629 946 704 obierat,
977 629 1093 692 relictos
1126 629 1218 694 dicam
1239 647 1277 690 an
1296 636 1346 692 ltu

126 731 355 811 oppigneratos:
397 729 442 790 his
477 729 625 792 codicibus
658 733 827 794 instructum
864 731 945 792 illum
980 732 1099 793 credere
1134 730 1275 801 uidentur,

127 837 209 908 (narn
230 831 371 893 affirmate
392 831 475 911 lo'qui
497 849 554 893 uon
575 832 715 908 audent,)
746 833 947 904 confusionem,
963 833 1114 914 pamlminr
1138 851 1158 893 a
1184 832 1276 894 sarci-

125 933 278 996 natoribus
302 934 464 996 Garminurn
483 931 588 995 luctam
609 935 778 1008 sustulisse,
808 955 844 999 ac
864 955 921 1000 uon
942 946 999 998 ῑιιιιι
1021 953 1126 998 nouum
1147 935 1275 998 ordinem

125 1038 299 1117 designasse
319 1052 405 1118 quam
424 1037 575 1116 pristinum
598 1045 626 1099 et
647 1039 992 1118 genuinumnestituisse.
1036 1039 1100 1100 lluc
1121 1053 1194 1116 crgo
1214 1044 1274 1098 tra·

125 1139 196 1202 huot
231 1139 368 1202 Carmina
404 1139 457 1199 illa
486 1133 644 1222 'confusa
681 1135 996 1220 διεσπασμένα,
1031 1132 1272 1224 διῃρημένα,

124 1234 294 1323 σποράδην
315 1232 511 1324 ᾀδόμενα,
525 1235 756 1306 uelut'disiecta
774 1253 802 1304 et
819 1247 936 1306 turbata
956 1245 1026 1306 sitio
1045 1243 1273 1324 rhapsodornsrr
1296 1295 1303 1303 .

124 1345 299 1424 omninoque
312 1352 420 1405 tautum
441 1345 471 1404 iu
493 1343 549 1405 hcc
562 1343 681 1423 negotio
701 1344 868 1424 relinquunt
882 1344 1003 1417 homini,
1023 1347 1073 1424 qui
1095 1363 1131 1406 en
1152 1363 1190 1406 eo
1206 1345 1272 1424 ipsu

123 1447 274 1508 naumann
293 1446 397 1508 lamam
415 1441 584 1508 ernuditionis
607 1453 787 1507 consecutus·
801 1454 844 1507 est
861 1442 902 1521 ⁷),
925 1455 1062 1528 quantum
1082 1445 1169 1508 hodie
1184 1447 1273 1506 inter·

123 1551 188 1611 dour
212 1549 442 1629 negligentiores
464 1548 621 1628 scriptores
642 1546 809 1627 relinquunt
830 1561 918 1610 curae
939 1549 1194 1630 typographorum.

219 1652 300 1714 Bene
327 1668 359 1713 se
379 1652 520 1712 habereut
540 1650 613 1710 haec
636 1648 746 1722 omnia,
778 1648 803 1709 si
832 1649 868 1711 de
900 1668 990 1731 opere
1019 1651 1110 1712 nostri
1133 1651 1269 1730 temporis

122 1761 328 1834 quaereretur,
366 1760 416 1814 aut
450 1753 475 1812 si
508 1751 575 1838 olins
597 1750 708 1830 'scripti
739 1749 808 1820 libri
837 1753 958 1814 lusissent
989 1760 1056 1814 aute
1081 1752 1269 1825 Pisistratum,

121 1857 318 1940 rhapsodique
339 1855 431 1929 tales,
453 1851 555 1933 quales
577 1851 615 1912 ab
635 1851 697 1912 istis
712 1850 877 1930 linguntur,
898 1857 924 1917 si
946 1855 1070 1936 donique
1090 1853 1166 1914 ullus
1186 1861 1268 1914 setus

120 1971 224 2024 auctor
259 1961 343 2022 huius
370 1953 616 2037 interpretationis
644 1961 781 2014 exstaret.
828 1957 971 2038 Namque
999 1957 1204 2038 ineptissimum
1230 1957 1268 2032 sit
1285 1961 1336 2016 146

118 2063 191 2125 illud
219 2047 432 2142 argumentari,
462 2057 541 2148 quod
566 2073 625 2118 nun
654 2055 745 2134 uulgo
773 2060 935 2135 rotenbus,
966 2077 1052 2138 quarn
1080 2059 1118 2118 de
1145 2057 1268 2137 pulchra

119 2166 327 2247 compositione
347 2165 448 2224 horum
471 2160 634 2222 carminum
655 2158 841 2240 praedicant,
864 2161 1031 2221 Pisistratus
1054 2158 1191 2221 larudatur
1211 2176 1266 2237 pro

117 2267 252 2329 Homero.
294 2265 440 2345 Persaepe
461 2264 493 2324 id
514 2251 608 2323 euenit
629 2262 659 2321 iu
674 2261 811 2332 historia,
832 2268 864 2321 nt
879 2261 1048 2323 tralaticiae
1062 2277 1148 2322 uoces
1164 2259 1266 2321 redar-

37 2406 42 2417 ·
117 2378 246 2449 guantm
271 2365 376 2441 'iactis,
398 2374 441 2432 ¹et
470 2373 501 2424 ut
529 2364 633 2436 rebus,
665 2351 738 2442 quas
764 2381 852 2425 nemu
882 2381 940 2424 nou
967 2381 1022 2444 pro
1053 2363 1130 2426 uenis
1157 2363 1265 2437 habuit,

116 2475 209 2551 longe
231 2471 291 2532 alia
317 2465 524 2546 consequentia
551 2465 621 2541 siut,
650 2485 737 2547 quam
765 2467 786 2527 ii
809 2465 1088 2537 animadvertebant,
1120 2464 1169 2543 qui
1196 2463 1264 2524 illas

115 2576 284 2638 attulerunt.
327 2569 507 2648 ambiguitas
528 2585 612 2642 vcro,
636 2559 722 2650 quarn
742 2569 810 2628 huic
831 2569 967 2630 mentioni
988 2565 1173 2630 confusorum
1191 2562 1264 2624 Gar-

113 2680 221 2742 minum
244 2677 339 2738 inesse
360 2677 480 2752 portant,
508 2671 643 2744 continuo
667 2671 1050 2751 euanescitcoruparaticne
1071 2685 1170 2747 eorum
1192 2665 1263 2727 scri-

112 2792 247 2866 ptorum,
282 2776 332 2858 qui
358 2791 420 2834 rem
446 2768 547 2851 paullo
575 2772 662 2834 aliter
689 2779 836 2833 nunaunt
866 2771 1061 2850 reliquerunt,
1090 2769 1206 2849 losephi
1236 2777 1263 2830 et

111 2884 246 2956 Aeliani,
277 2897 330 2942 seu
350 2876 446 2957 potius
469 2876 686 2952 comparatione
707 2874 823 2934 illorum
845 2873 977 2935 omnium.
1028 2872 1174 2946 Collecta,
1204 2887 1262 2930 nou

110 2985 272 3052 recollecta
295 2980 445 3052 carmina,
476 2984 504 3038 et
525 2975 664 3040 adscitus
694 2985 785 3038 artem
816 2975 1133 3058 compositionis,'uon
1162 2971 1261 3036 critico

220 3319 330 3369 totidem
349 3313 450 3377 libros,
472 3319 535 3380 qaut
553 3327 623 3364 nunc
643 3309 780 3370 bohemus,
807 3309 916 3360 dicitius.
952 3305 1046 3374 ltaque
1062 3302 1131 3356 hanc
1149 3302 1261 3354 diuisio-

219 3418 278 3456 neus
294 3401 328 3453 ab
350 3397 539 3452 Alexandrinis
558 3395 692 3453 inductam
709 3407 785 3457 esse,
807 3390 954 3460 ignorabat
970 3393 1012 3442 sir
1031 3389 1132 3442 bouusr
1193 3435 1195 3440 ,

167 3503 200 3570 7)
219 3497 317 3553 Eodem
337 3499 473 3566 pertinere
492 3495 613 3551 arbitror
631 3493 725 3546 ianam
745 3490 778 3544 de
797 3493 883 3559 prima
899 3487 1062 3543 bibliotheca
1084 3499 1101 3537 a
1117 3483 1260 3538 Pisistrato

221 3585 346 3646 oornditu,
374 3583 426 3636 etsi
450 3582 517 3632 satis
545 3581 645 3632 receuti
667 3573 800 3645 scripturi
819 3580 1006 3637 memoratam,
1034 3568 1121 3626 Gellio
1143 3568 1194 3631 Vl,
1219 3575 1259 3622 17.

222 3669 283 3725 Non
307 3670 376 3722 euim
401 3667 530 3735 reperio,
564 3666 608 3734 qul
642 3663 690 3716 alii
713 3667 822 3730 praeter
846 3658 986 3712 durnerunt
1014 3659 1103 3711 inesse
1127 3655 1263 3724 potuerint

221 3759 384 3824 scriptores,
410 3765 488 3822 quant
515 3750 618 3820 aliquot
640 3751 753 3816 podiae,
781 3760 867 3814 nuper
891 3745 992 3798 dunum
1016 3743 1058 3797 sel
1082 3743 1167 3810 ipsius
1186 3739 1261 3791 iussu

221 3839 374 3912 perscripti.
405 3835 529 3906 idemque
545 3831 710 3890 sentiendum
727 3831 844 3900 tortasse
858 3829 891 3884 do
904 3827 1045 3899 Polycrate
1056 3823 1164 3885 Samio,
1185 3836 1260 3890 quesn

221 3929 332 3996 propter
357 3920 490 3988 librarian,
519 3917 698 3990 parandorum
727 3914 842 3969 studium
872 3909 929 3967 bum
955 3911 1097 3966 lhsistrato
1123 3906 1262 3973 coniungit

221 4009 318 4063 Athen.
337 4007 358 4061 l·
378 4021 403 4076 p.
423 4013 448 4062 3.
469 4006 499 4060 h.
537 4004 664 4060 Nimirum
684 4000 863 4056 bibliothecae
883 3998 947 4050 illae
966 3994 1066 4048 similes
1086 3993 1207 4054 luerunt,
1235 3991 1262 4041 ul

223 4093 319 4158 lallor,
338 4103 445 4154 earum,
464 4105 532 4160 quae
547 4094 572 4142 in
587 4086 692 4156 templis
706 4084 858 4149 nonnullis,
875 4085 953 4136 etlam
969 4083 995 4137 iu
1010 4075 1262 4144 hierosolymitano,

224 4179 364 4248 depositae
379 4177 518 4239 resumant,
537 4173 631 4243 paucis
646 4175 801 4224 constantes
815 4168 922 4234 scriptis
940 4169 966 4218 et
980 4165 1085 4217 nomine
1101 4175 1166 4223 suo,
1185 4164 1265 4227 prout

223 4262 303 4317 hodie
324 4266 484 4331 usurpatur,
508 4273 601 4328 paruus
628 4255 743 4325 diguae3
770 4253 865 4306 similis
894 4249 986 4302 lorsau
1003 4249 1083 4300 etiarn
1108 4245 1157 4297 illa
1174 4243 1263 4313 Smyr-

223 4361 308 4415 naea,
328 4348 404 4401 cuius
421 4358 474 4399 nna
494 4359 554 4398 oum
566 4342 704 4418 llomereo
724 4340 841 4393 meminit
858 4333 958 4390 Strabo
977 4329 1046 4388 lilV.
1066 4347 1091 4402 p.
1110 4332 1170 4388 646.
