2976 4900
503 318 870 386 Pcoeccomdttn.
1219 327 1262 392 93

111 512 142 574 id
165 527 224 572 nou
244 505 338 589 potuit
367 505 393 566 ei
416 506 491 586 hauc
509 505 613 568 lauram
636 507 793 583 conicere,
820 516 853 570 ut
877 509 986 590 primur
1016 509 1160 575 diceretur
1182 513 1262 576 illum

111 613 247 681 intulisse
267 612 297 690 ip
317 609 453 671 Atticam.
495 609 555 670 lam
576 611 606 669 in
628 611 777 690 utriusque
798 619 919 672 aetatem
931 613 1041 675 ¹incidit
1053 613 1261 694 pulcherrimus

111 719 169 780 llos
186 715 285 798 poesis
312 711 421 792 lyricae
449 718 478 771 at
499 711 612 772 ethicae
634 728 701 772 oum.
724 712 806 775 noris
835 713 1015 776 incrementis
1040 717 1211 794 tragoediae
1233 726 1261 780 et
1374 719 1378 726 '

112 818 298 884 comoediae:
333 816 371 876 in·
389 820 432 874 tot
458 813 552 892 poetis
573 811 697 873 forsitan
718 813 826 874 luerint
844 814 959 894 plures,
985 818 1037 896 qui
1058 817 1210 882 Pisistrato
1223 828 1261 884 et

111 919 281 1001 Hipparcho
304 917 333 977 in
353 915 434 977 illam
456 933 516 976 rem
531 914 705 976 adiutorium
719 914 862 990 facerent,
883 919 1054 998 praesertim
1078 939 1164 1001 qurum
1179 931 1331 988 uter-155

112 1039 187 1104 que,
209 1021 251 1081 uti
273 1019 394 1092 artium,
416 1017 458 1078 ita
481 1017 630 1082 doctorum
643 1016 786 1079 hominum
809 1023 1019 1084 amantissimus
1035 1031 1120 1086 esset.
1163 1025 1262 1090 llorui·

112 1125 204 1186 uatim
225 1123 298 1185 euim
320 1119 464 1182 feruntur.
480 1138 544 1182 cum
572 1119 608 1180 iis
631 1120 862 1184 coniunctissime
890 1125 998 1188 emisse
1028 1125 1174 1208 Orpheus,
1187 1129 1263 1196 Gra.

109 1227 255 1300 toniates,
289 1222 414 1304 scriptor
443 1223 723 1302 Argonauticorum,
756 1222 956 1288 Onomacritus
985 1225 1185 1305 Atheniensis,
1223 1234 1263 1295 alr

109 1326 280 1410 Hipparcho
307 1325 431 1388 civitate·
452 1325 560 1402 eiectus
586 1333 704 1405 postea,
739 1315 901 1390 Simonides
921 1326 997 1390 Cous
1020 1337 1048 1391 et
1066 1331 1159 1394 Telrrs
1180 1335 1261 1398 Ana-

112 1449 204 1494 creon
220 1423 273 1498 ¹⁷).
315 1427 425 1490 Horum
445 1429 537 1508 igitur
557 1429 718 1509 quempiam
740 1430 927 1494 coniiciebam
952 1431 1011 1492 iilis
1039 1432 1081 1499 ad
1099 1434 1262 1500 ordinanda

106 1536 252 1599 (immina
273 1549 390 1614 operam
418 1532 592 1612 praebuisse
613 1551 703 1596 suam.
753 1534 820 1615 lpse
848 1542 927 1598 certe
949 1534 1117 1599 Pisistratus
1144 1558 1262 1604 suarum
1294 1553 1299 1562 '

111 1657 215 1700 rerum
232 1634 399 1714 satagebat,
427 1634 472 1694 his
495 1652 565 1696 nero
587 1635 675 1697 otium
697 1645 809 1698 erat-et
831 1637 992 1716 priscorum
1013 1655 1132 1718 operum
1154 1661 1262 1724 magna

111 1739 312 1812 familiaritas3
349 1743 387 1796 ut·
402 1733 606 1812 0uonaorim,
635 1739 716 1800 cuins
741 1739 869 1801 celebres
893 1739 1131 1820 interpolationes
1149 1743 1262 1828 Orphei

111 1851 143 1906 et
164 1837 281 1903 Musaei
303 1838 341 1900 ad
363 1835 430 1917 ipsa
448 1836 606 1917 primordia
627 1843 791 1924 scriptionis
814 1840 1006 1903 retrahendae
1027 1852 1102 1906 suut.
1295 1827 1298 1836 ¹

210 1940 418 2005 ‚temerarium
439 1947 524 2021 puto,
550 1959 590 2002 ex
613 1962 730 2024 quoque
752 1943 933 2008 deverticulo
951 1943 1116 2008 fabularum
1135 1950 1261 2030 uestigia

109 2047 260 2110 historiae.
281 2041 467 2123 exsculpere:
510 2042 641 2125 alioquin
673 2046 717 2108 his
750 2047 922 2108 coniecturis
959 2047 1086 2109 colorem
1121 2051 1261 2114 attidem

110 2163 342 2230 quaereremus
363 2163 414 2220 eo,
440 2145 519 2226 quod
539 2147 652 2207 inistis
674 2149 836 2210 commentis
857 2148 1111 2212 Grammaticorum
1134 2160 1162 2214 et
1181 2155 1260 2236 apud

108 2251 235 2316 Snidam
256 2248 408 2311 Pisistrato
431 2244 593 2330 complures
622 2251 694 2312 socii
716 2252 812 2332 operis
834 2250 1046 2314 adscribantur.
1095 2254 1136 2315 At
1154 2273 1261 2319 memo-

106 2363 180 2420 ratu
203 2351 385 2431 dignissimus
415 2355 459 2412 est
484 2351 567 2413 locus
594 2352 759 2418 Pausaniae
787 2361 854 2417 ante
877 2352 1001 2429 allatus,
1031 2355 1082 2416 uhi
1111 2360 1260 2438 quamde

106 2455 255 2522 varietate
274 2455 396 2517 nominis
418 2453 453 2520 ΙΙ,
482 2455 513 2534 β.
538 2455 612 2517 573.
638 2457 721 2536 agit,
751 2457 858 2520 diserte
884 2456 1054 2519 mentionem
1079 2458 1150 2520 facit
1173 2460 1260 2524 Pisi-

106 2561 207 2622 strati
226 2559 396 2618 cmiooram
421 2564 453 2616 ct
475 2557 653 2619 edictorum
675 2561 710 2620 im
732 2559 835 2620 Iliade
857 2559 968 2618 litteris
992 2558 1177 2620 mandanda
1194 2555 1260 2645 ¹⁸)3

107 2671 144 2728 ut
165 2660 246 2722 clare
266 2666 423 2740 appareat,
452 2667 513 2720 rem
534 2677 553 2718 a
576 2658 660 2720 nohis
683 2667 852 2723 renovatam
871 2656 1036 2722 Pausaniae
1063 2666 1162 2742 aetate
1185 2678 1261 2725 non-

109 2766 180 2828 dam
201 2763 290 2845 plane
314 2763 498 2832 obscuratam
519 2761 619 2823 luisse.
1234 2749 1237 2754 ¹

552 2991 554 2994 ·
624 2942 760 3082 xxxo

210 3190 291 3253 llaec
326 3205 412 3268 quum
446 3187 489 3248 ita
521 3187 591 3262 sint,
627 3187 680 3248 sub
708 3185 828 3266 imperio
859 3183 1104 3244 Pisistratidarum
1138 3185 1330 3252 Graecisms

107 3294 235 3378 primum
248 3271 349 3353 uetera
365 3288 501 3351 Carmina
515 3296 610 3350 ratum
632 3289 774 3362 mansuris
787 3273 977 3346 monumentis
993 3287 1161 3365 consignari
1180 3288 1261 3351 uidit.

107 3397 274 3475 Talemque
298 3398 421 3454 aetatem
440 3392 494 3451 suh
513 3391 689 3452 incunabula
705 3391 865 3452 litterarum
884 3395 913 3449 et
925 3389 1043 3450 maioris
1061 3388 1154 3460 cultus
1169 3390 1261 3454 ciuilis

107 3499 191 3582 apud
222 3513 256 3559 se
287 3495 422 3558 uiderunt
449 3495 549 3582 plures
578 3493 729 3568 nationes,
762 3510 883 3572 quaerum
917 3493 1104 3576 comparatio
1126 3501 1263 3556 accurate
1316 3477 1318 3480 ⁵

107 3603 244 3666 instituta
272 3593 326 3674 iis,
361 3616 437 3680 quae
474 3599 520 3659 hic
551 3596 743 3682 disputamus,
776 3585 893 3658 multum
921 3596 994 3660 lucis
1026 3593 1131 3658 afferre
1159 3598 1262 3679 possit.

219 3863 430 3938 πενταετηρίδα
442 3867 500 3918 τῶν
512 3865 728 3928 Παναθηναίων
739 3859 835 3933 μόνου
848 3866 904 3917 τῶν
917 3859 1010 3918 ἄλλων
1021 3865 1149 3936 ποιητῶν
1161 3861 1263 3932 ῥαψῳ-

220 3951 337 4006 δεῖσθαι
355 3945 389 4001 nd
411 3947 482 4014 ἔπη,
511 3946 652 4008 ἐπίδειξιν
669 3943 844 4018 ποιούμενοι
862 3945 936 4018 πρὸς
954 3943 1019 4006 τοὺς
1040 3942 1190 4019 ’Ἐίληνας,
1219 3941 1263 3998 ὅτι

218 4033 253 4090 τὰ
272 4032 408 4088 κάλλιστα
426 4037 482 4088 τῶν
501 4031 594 4104 ἔργων
611 4035 802 4104 προῃροῦντο.
930 4027 932 4032 ’

146 4137 197 4206 17)
216 4132 345 4190 llerodot.
363 4130 429 4198 Vll,
446 4134 472 4188 6.
491 4129 569 4186 Plato
588 4131 606 4184 l.
625 4146 646 4184 c.
666 4127 742 4185 Suid.
760 4127 836 4183 Tom.
859 4126 892 4181 ll.
907 4142 971 4198 pag.
989 4129 1051 4186 719.

146 4230 253 4302 18)·'H
268 4229 357 4286 αὐτὸν
384 4233 613 4298 Πεισίστρατον,
637 4225 655 4295 ἢ
683 4232 763 4284 ΤΟΝ
789 4232 884 4282 ΤΙΝΛ
908 4229 1099 4292 ΕΤΛΙΡΩΝ,
1124 4243 1265 4296 μεταποι-

217 4323 286 4385 ῆσαι
299 4313 339 4374 md
359 4312 457 4388 ὄνομα
474 4310 535 4367 ὑπὸ
550 4310 678 4383 ἀγνοίας,
691 4319 694 4324 ’
