2944 4900
463 347 837 418 Poonnoomnnn.
1180 358 1220 424 71

83 553 157 615 qnam
182 533 276 596 sciam
307 534 359 594 isti
391 553 492 597 versus
515 537 695 618 designant,
732 540 928 622 appendicem.
984 541 1098 618 Quodsi
1126 547 1222 608 omnia

80 638 245 699 Graecorum
275 637 313 700 nd
343 635 474 702 Troiam
491 649 586 720 gesto
604 659 761 722 omnesque
790 643 964 726 rhapsodias
991 650 1042 710 nni
1067 651 1219 732 proposito

79 742 218 815 smiicias,
251 739 291 802 ad
316 741 451 822 glandem
478 743 592 824 quidem
620 744 742 808 Achillis
773 749 865 826 magis
901 766 987 828 qnam
1016 750 1092 814 alins
1121 753 1219 815 cuins·

79 861 152 923 qnam
179 843 285 905 Graeci
315 851 366 906 ant
391 845 513 908 Troiani
547 847 644 909 herois
671 855 733 911 tota
761 849 847 926 ilios,
877 850 915 912 ad
942 873 1108 918 memorem
1136 860 1217 920 iram

79 945 131 1005 eins
143 945 355 1009 moiortantum
375 967 445 1030 pars
466 957 592 1031 spectata
621 959 653 1012 nt
671 951 969 1028 admodum-mireris,
992 959 1072 1036 qnod
1090 959 1215 1023 innnllc

78 1047 163 1110 codice
182 1049 277 1111 adhoc
298 1053 430 1133 pro-isto
454 1052 575 1114 exordio
597 1054 653 1116 hoc
673 1055 722 1117 rel
743 1056 823 1118 alind
844 1056 945 1118 melios
963 1059 1106 1124 inventurn
1128 1064 1179 1125 sit:

204 1165 365 1229 ΚΥΔΟΣ
381 1159 484 1246 dende,
507 1163 587 1248 θεά,
611 1165 802 1255 Πηληὶοὲδεω
827 1164 987 1257 Ἀχιλῆος,

194 1260 277 1342 .ὅςθ’
300 1266 375 1343 εἵως
394 1267 531 1355 βασιλῆϊ
548 1269 781 1354 κοτεσσάμενος
802 1269 849 1336 ἑνὶ
866 1269 957 1359 νηυσὶ

142 1408 150 1422 ·
202 1373 305 1450 κεῖτο,
327 1365 499 1450 'tigamenta
520 1394 556 1435 τε
577 1368 743 1458 καὶοῦτῷ
763 1369 847 1458 d'iye'
870 1369 992 1456 iiiam,

163 1507 167 1514 ·
199 1466 303 1559 αὐτὰρ
327 1469 538 1557 ἀνιστάμενος
562 1472 688 1561 Τρωσὶν
709 1472 764 1540 καὶ
777 1471 906 1562 Ἕκτορι
927 1471 997 1562 δίῳ.

76 1575 277 1654 Sirbabsnrdum
300 1595 390 1669 foret,
415 1593 501 1656 talem
521 1583 698 1674 diligentiam
720 1595 898 1658 srrirtiliorem
921 1614 985 1658 esse
1005 1597 1101 1658 dicere
1123 1613 1208 1677 qnam
1227 1605 1278 1660 119

77 1711 119 1770 pro
140 1693 289 1757 Homerico
313 1685 445 1759 saecnlo:
476 1716 529 1760 nec
548 1699 579 1760 id
599 1697 695 1760 dicere
718 1699 814 1760 ausint
834 1700 870 1772 ii,
894 1699 997 1779 qrrihns
1012 1690 1210 1780 προέκθεοις

78 1794 205 1875 Odysseae
227 1801 264 1860 ab
287 1801 353 1882 ipso
375 1800 500 1862 Homero
522 1803 690 1883 praeposita
707 1802 854 1864 videatur:
884 1803 1015 1865 iacerent
1036 1801 1111 1862 enim
1129 1799 1209 1862 illum

79 1899 138 1960 adeo
157 1901 306 1979 infantem,
337 1913 368 1965 ut
393 1923 478 1984 qrrom
506 1912 595 1966 artem
615 1905 723 1987 primns
746 1905 980 1984 ingeniosissime
1009 1905 1207 1985 quaesivisset,

77 2003 113 2063 rei
130 2005 248 2085 prodens
283 2015 362 2068 certe
390 2025 426 2068 ex
449 2014 553 2068 natrrra
582 2014 610 2066 et
639 2005 741 2068 ordine
769 2007 889 2068 salrnlae
914 2009 1038 2089 cepisset
1053 2000 1115 2085 ⁸⁶),
1145 2025 1209 2069 eam

77 2123 104 2166 ne
121 2125 274 2186 agnoscere
303 2109 418 2189 quidem
439 2118 467 2170 ct
486 2111 582 2170 verbis
604 2109 765 2189 exprimere
783 2111 918 2190 potnerit.

155 2225 238 2288 immo
267 2244 340 2316 nero
370 2225 442 2286 iilud
476 2243 593 2305 quoqne
625 2224 742 2287 dnbinm
769 2235 826 2300 est,
856 2245 895 2287 an
922 2225 1063 2287 Homerus
1084 2221 1206 2285 Achillis

76 2327 109 2384 sni
133 2348 282 2409 personam
313 2329 414 2390 eodem
443 2327 510 2390 loco
538 2327 686 2402 hainrnerit,
725 2348 782 2408 qno
817 2347 879 2390 eam
912 2347 1008 2390 omnes
1046 2326 1108 2388 iere
1135 2325 1205 2387 artis

77 2431 186 2510 magistri
206 2434 326 2496 habent.
371 2431 443 2493 Nem
467 2450 552 2512 quum
574 2431 624 2492 ilie
646 2433 748 2494 seriem
773 2433 1009 2510 gravissimarum
1029 2445 1125 2490 rernm
1147 2446 1206 2490 non

77 2530 183 2609 inierit,
204 2535 254 2597 sed
278 2535 356 2597 fama
380 2535 525 2618 acceperit
540 2526 598 2608 ⁸⁷),
622 2553 687 2595 num
707 2535 758 2596 iila
781 2537 841 2596 neri
863 2553 965 2616 parom
988 2533 1092 2593 similia
1104 2531 1205 2592 niden-

75 2641 124 2708 tor,
153 2639 268 2701 heroem
297 2636 481 2698 fortissimum
508 2653 570 2696 cnm
599 2637 689 2718 copiis
718 2639 777 2698 suis
805 2639 842 2698 ab
870 2637 997 2699 exercito
1025 2633 1204 2695 secedentem

76 2737 223 2804 desiderium
245 2742 293 2803 sui
314 2757 446 2813 morere,
475 2739 626 2820 ipsumque
646 2740 781 2802 otiantem
802 2738 1011 2818 Agamemnoni
1038 2745 1066 2798 et
1084 2735 1203 2796 Graecis
1287 2761 1292 2770 ·

74 2839 200 2919 pinrirmm
221 2844 335 2924 negotii
366 2850 393 2904 et
421 2859 555 2903 curarum
579 2843 732 2916 exhihere,
760 2861 827 2904 mox
859 2841 998 2903 audacius
1026 2838 1202 2901 irruentibus

76 2943 189 3010 Troianis
208 2946 360 3019 revocari,
391 2953 421 3005 at
443 2963 577 3024 asperum
601 2951 638 3006 et'
654 2933 863 3006 inexorabilem
884 2947 974 3007 vinnm
1003 2958 1115 3021 negare
1142 2939 1204 3021 pri-

76 3065 133 3109 mm
153 3060 178 3111 et
196 3047 404 3130 tergiversari,
435 3045 539 3108 deinde
564 3049 703 3110 communi
731 3045 861 3129 periculo
890 3046 1049 3109 concedere
1073 3045 1202 3119 amicum,

75 3149 181 3226 tandem,
198 3153 250 3215 iiio
278 3149 410 3212 Hectoris
435 3150 565 3212 manibus
587 3171 689 3228 caeso,
710 3154 803 3233 ipsum
817 3147 974 3210 ulciscendi
994 3166 1085 3210 cansa
1104 3145 1199 3209 redire
1218 3151 1269 3206 120

77 3251 105 3312 ad
130 3275 266 3335 pugnam,
301 3254 419 3334 notique
449 3261 606 3334 compotem
634 3255 697 3316 iuro
727 3253 797 3314 nelli
826 3253 855 3312 in
883 3251 1036 3312 Hectorem
1065 3245 1202 3309 saevire?

74 3353 145 3432 Nnm,
169 3360 193 3422 si
212 3353 399 3438 Thrncpdides
424 3357 471 3418 rel
492 3355 655 3436 Xenophon
679 3356 755 3416 hunc
783 3371 888 3414 annum
914 3352 944 3411 in
965 3348 1094 3410 'annales
1121 3354 1199 3408 retn-
1279 3341 1282 3349 ⁴

74 3457 149 3534 iisset,
168 3463 323 3534 Achillem,
344 3478 430 3540 qurnm
445 3458 635 3520 secessionem
650 3457 780 3530 iecisset,
802 3455 966 3517 describere
979 3457 1094 3534 poterat
1108 3447 1199 3511 minos

74 3559 259 3642 desideratum,
293 3572 358 3638 aut,
392 3581 477 3644 qnam
510 3545 710 3636 revocamine,
747 3559 838 3622 minus
871 3560 1042 3620 honoratum
1072 3554 1199 3615 minusve

74 3741 366 3758 Ἢ

100 3856 190 3924 8de
204 3844 250 3912 ded
268 3861 371 3930 τέχνην
390 3856 404 3926 ἢ
424 3856 472 3910 διὰ
494 3855 592 3929 φύσιν.
629 3855 741 3908 Arisioi.
763 3851 839 3906 Pedi.
860 3866 881 3904 ο.
902 3857 927 3909 8.

104 3944 144 4011 ot)
163 3942 226 3997 Nam
250 3959 299 3998 nec
334 3947 425 3999 omnia
450 3943 486 4002 ad
514 3944 652 3996 ceritatem
684 3939 726 3993 voi
759 3953 791 3992 ex
816 3942 944 4006 corrupta
971 3937 1082 3992 veritate
1107 3938 1202 3986 narrat

160 4029 261 4087 iiiocnm
283 4037 429 4100 temporum
450 4029 559 4098 poesis,
588 4039 673 4094 neque
699 4025 789 4078 cornio
805 4024 898 4092 lingit,
914 4025 954 4083 ,ιιὶ
982 4020 1045 4074 oiim
1062 4018 1202 4088 *putabam

160 4116 208 4170 riri
228 4115 307 4168 docti.
351 4115 404 4168 Sed
424 4114 525 4183 frustra
545 4111 699 4180 piorumque
720 4107 862 4173 laborant,
889 4107 934 4176 qui
961 4111 1074 4174 utrinqne
1099 4101 1202 4158 discer-

160 4214 221 4256 nere
240 4201 339 4254 volunt.
377 4199 571 4253 Praedixerunt
589 4192 699 4248 Museo:

221 4283 321 4358 Ἦμεν
341 4282 450 4355 ψεύδεα
470 4277 561 4334 πολλὰ
582 4281 676 4348 λέγειν
695 4273 854 4348 ἐτύμοισιν
866 4270 964 4344 ὁμοῖα,

226 4370 313 4443 ἴδμεν
333 4369 367 4434 d'-,
390 4365 443 4423 εὖτ’
463 4368 625 4438 ἐθέλωμεν,
648 4362 754 4430 dopo-ta
774 4356 971 4435 μυθήσασθαι.
