2944 4900
245 301 289 368 66
638 279 1007 351 Paobbuobtbdn.

250 498 308 566 est,
335 483 530 548 bmntbsinns
551 477 634 558 idernx
650 483 679 538 et
700 474 777 538 omni
797 477 862 537 arte
882 467 1124 552 perlentissirnus:
1158 481 1195 528 ue
1216 465 1269 528 tali
1290 464 1409 546 quidem

250 591 358 656 homini
377 586 466 650 tribui
486 589 583 664 potest
607 579 656 654 id,
685 577 764 658 qood
792 591 913 657 prorsus
935 569 1120 633 inmanitatis
1142 575 1256 648 eaptmn
1277 576 1409 648 superat,

253 706 282 760 et
302 694 348 757 oui
368 698 462 754 mente
482 682 698 767 compleotendo
713 681 795 742 ineos
817 686 846 738 et
867 675 993 737 materia·
1010 681 1039 736 et
1062 671 1276 734 irmdameutnnr
1291 671 1406 734 munt.

242 799 365 865 'Fdeuim
387 794 413 856 si
435 792 539 874 priora
564 779 628 870 ἔπη
652 784 749 848 omnia
771 781 910 843 breuiora
934 779 1067 846 luerunt,
1096 792 1254 854 eorumque
1282 775 1409 853 vulgan-

255 906 371 974 durum,
394 898 480 959 etiarn
493 892 585 973 ipsius
599 897 694 952 aetate
716 894 744 947 et
758 884 808 946 diu
828 891 949 964 postea,
970 881 1073 940 ruminus
1096 877 1197 940 modos
1214 877 1269 938 fuit
1289 877 1410 958 publiea

255 1002 407 1070 raudatio,
443 997 509 1059 talis
544 993 694 1064 videlieet,
734 987 815 1068 quali
850 983 1013 1064 rhapsodos
1048 981 1087 1042 ad
1124 981 1301 1060 Gynaetlnnm
1341 997 1412 1042 usos

256 1106 393 1176 uidimus3
433 1099 459 1160 si
478 1115 568 1179 porro
590 1095 703 1170 minime
724 1087 861 1152 credibile
883 1094 927 1148 est
954 1095 982 1147 et
1003 1083 1085 1157 nuilla
1107 1082 1279 1144 auctoritate
1303 1083 1412 1160 nixum,

255 1210 356 1291 plures
379 1209 514 1264 cantores
542 1217 597 1280 per
625 1197 737 1276 aliquot
769 1193 831 1255 dies
854 1192 915 1252 siue
943 1185 1136 1250 hebdomades
1160 1184 1271 1246 dierum
1293 1193 1413 1246 ooaotos

254 1326 385 1391 ¹rrrrquam
411 1321 476 1366 esse
505 1301 544 1363 ad
569 1307 650 1362 tanta
678 1298 814 1360 Carmina
841 1292 1021 1355 auditoribus
1044 1287 1218 1366 ingerenda3
1257 1305 1336 1368 quae
1356 1307 1415 1348 una

257 1407 473 1477 redemisset,
506 1412 536 1466 ut
557 1401 725 1480 magnitudo
752 1408 781 1462 et
802 1416 912 1460 summa
938 1411 1052 1466 eorum,
1079 1409 1138 1452 uon
1164 1389 1255 1452 dinam
1281 1409 1414 1473 eompre-

258 1513 448 1584 irenderetur,
477 1507 529 1568 sed
559 1506 596 1569 ad
619 1512 775 1568 extremum
797 1501 947 1562 audiretur
963 1491 1022 1572 ⁸²)i:
1060 1495 1190 1572 ungitur,
1220 1495 1355 1574 inquam,
1387 1503 1414 1554 et

189 1609 381 1685 11-10tbn‘itur
406 1609 590 1681 necessario,
624 1608 668 1668 iiii
697 1595 827 1668 urniuersi
855 1600 951 1682 operis
982 1597 1184 1678 descriptioni,
1220 1598 1264 1660 rei
1291 1615 1349 1679 per
1382 1615 1413 1658 se

248 1726 360 1788 lorsan
385 1734 443 1778 non
471 1711 554 1774 nimis
576 1709 701 1783 arduae,
730 1707 851 1768 arduam
879 1703 1001 1765 maxima
1027 1709 1056 1762 et
1083 1699 1171 1782 plana
1197 1699 1414 1762 ineluctabilem

257 1827 313 1890 vinu
331 1828 454 1884 naturae
472 1812 630 1876 obstitisse.
679 1810 730 1870 llis
753 1809 883 1872 omuibus
912 1804 983 1866 nihil
1003 1805 1162 1866 detractum
1193 1802 1324 1865 uolumus
1353 1801 1414 1863 sol-

268 1981 578 2005 ’,Ἀ-...-

298 2105 348 2175 82)
368 2097 530 2156 Aristoteles
552 2112 630 2168 quum
658 2090 837 2148 εὐσύνοπτον
855 2093 946 2162 μῆκος
972 2088 1039 2142 uidit
1066 2091 1091 2140 in
1119 2085 1204 2142 Iliade
1230 2086 1321 2158 (Poet.
1347 2091 1415 2156 23,),

363 2187 414 2238 etsi
439 2187 499 2252 ipsa
524 2181 666 2251 longitudo
695 2185 752 2234 eius
778 2175 849 2246 apud
875 2182 981 2230 ueteres
1010 2179 1037 2227 iu
1059 2173 1228 2243 prouerbium
1254 2175 1351 2237 eessit,
1383 2174 1417 2226 do

363 2271 433 2322 laeta
452 2269 492 2319 sin
512 2267 654 2330 iudieavit,
681 2281 734 2318 non
754 2264 785 2316 de
805 2261 905 2315 audita.
943 2259 1098 2330 eranqnanr
1121 2258 1172 2312 boe
1191 2259 1268 2328 parvi
1288 2263 1417 2312 momenti

364 2357 413 2408 est⁴
457 2349 509 2403 Sed
530 2347 650 2402 notabile
675 2355 731 2412 est,
757 2346 828 2417 quod
850 2344 944 2398 banne.
964 2346 1003 2397 ibi
1022 2345 1055 2396 ad
1084 2359 1106 2396 e.
1130 2347 1171 2398 td.
1191 2349 1302 2407 narrat,
1328 2341 1416 2396 iliada

363 2435 501 2494 eornmode
519 2433 625 2504 perlegi
643 2448 791 2502 possemne
806 2431 858 2484 die.
888 2429 944 2482 iloe
963 2445 1015 2500 ego
1029 2431 1122 2499 legens
1134 2444 1217 2499 saepe
1234 2429 1269 2482 ad
1281 2428 1414 2484 Judaeum

361 2523 481 2593 Apellam
499 2521 675 2574 remittebant.
707 2518 837 2572 Sinniiiter
858 2515 1043 2584 Twiniugius:
1072 2519 1129 2568 For
1148 2533 1166 2566 n
1182 2531 1288 2581 suuper,
1308 2516 1414 2574 inndeed,

365 2610 453 2662 lneill
470 2613 583 2672 etoleno
601 2606 672 2658 witot
690 2605 771 2671 arripiet
791 2603 821 2653 be
839 2604 920 2664 alonte,
947 2603 973 2667 if
993 2595 1039 2652 nee¹
1054 2601 1105 2652 irad
1129 2601 1280 2666 rendintp
1305 2617 1416 2651 nuces

362 2703 390 2746 nt
411 2693 587 2748 Nennnrnrinet.
623 2689 685 2744 Not.
704 2706 729 2760 p.
747 2691 808 2744 478.
843 2684 920 2738 Atei
943 2682 986 2736 irio
1006 2685 1330 2737 doetissimusnirloourn
1351 2683 1413 2736 Ari-

323 2823 326 2830 .
362 2781 468 2835 sintells
488 2775 706 2838 inuenientes,
733 2777 786 2838 Εἴη
811 2771 835 2822 ri
859 2767 896 2824 dv
919 2775 1020 2832 τοῦτο,
1048 2776 1121 2822 rente
1140 2772 1334 2837 interpretatus
1362 2777 1413 2830 est,

364 2866 444 2920 etiarn
469 2860 556 2916 Iliada
584 2864 610 2912 et
639 2855 786 2928 Odysseam
815 2853 1062 2925 εὐσυνοητοτέριις
1088 2853 1147 2906 iore
1173 2857 1276 2922 protavit
1303 2855 1416 2906 criticus

271 2983 274 2988 -
368 2943 562 3014 pbilosnplrus‚
582 2944 616 2996 od
633 2947 738 2998 tertiam
759 2950 861 3012 partem
876 2955 998 2996 nor-suum
1017 2945 1178 2992 contractas.
1211 2935 1289 2996 duod
1308 2938 1416 3007 quidem

365 3029 648 3100 argumentationibus
668 3032 769 3082 nostris
789 3027 1089 3081 aeoonnmndatissimum
1110 3028 1190 3082 esset.
1226 3019 1281 3074 A'ee
1302 3035 1335 3075 ea
1352 3036 1416 3074 sen-

364 3117 450 3169 tentia
477 3117 583 3168 ornnino
608 3115 720 3184 indigna
745 3121 786 3168 est
810 3113 972 3174 Aristotele,
1006 3125 1092 3180 neque
1123 3108 1234 3176 reliquis
1258 3109 1416 3182 praeseptis

364 3202 423 3255 eius
450 3201 602 3264 eorrtraria,
637 3199 806 3272 probataque
838 3213 924 3268 nuper
950 3197 1029 3248 etiam
1065 3195 1143 3246 alieni
1171 3195 1313 3260 interpreti
1339 3192 1416 3244 illius

364 3287 471 3354 operis,
499 3283 569 3356 Pyeo
589 3289 615 3338 in
634 3285 778 3340 comment.
802 3301 827 3354 p.
846 3286 906 3338 458.
949 3278 1042 3351 Neque
1061 3295 1131 3332 inuno
1150 3277 1243 3330 doetus
1259 3277 1414 3345 quisquam,

364 3371 515 3425 summariis
534 3371 693 3441 Cypriorum
720 3376 746 3422 et
766 3381 867 3439 parvae
887 3365 980 3419 iliadis
1006 3379 1103 3433 magum
1122 3363 1299 3420 emolumento
1319 3359 1413 3414 barum

365 3457 514 3510 litterarum
533 3457 693 3526 publicatis,
712 3455 745 3508 ad
764 3455 870 3508 liaeerii
890 3454 1048 3504 sententiam
1068 3451 1231 3512 aneensem,
1250 3448 1296 3516 qui
1316 3463 1412 3500 nornen

363 3547 480 3593 veteram
497 3541 515 3594 l.
536 3558 559 3596 o.
578 3542 612 3594 ad
629 3543 676 3595 ilia
697 3540 821 3593 Carmina
842 3536 986 3590 referebat.
1022 3533 1076 3592 Sed
1095 3533 1146 3587 duo
1161 3535 1412 3602 innterpretationem

364 3623 437 3677 illius
457 3625 509 3680 loei
523 3627 628 3680 dubiam
649 3627 765 3688 laniunt,
785 3626 895 3692 primunr
915 3621 985 3692 qood
1005 3619 1216 3689 dereliqueram
1236 3620 1328 3684 ἐπῶν,
1351 3626 1414 3672 aute

364 3707 537 3764 Aristotelem
555 3713 675 3780 pnroxirne
694 3709 825 3762 editorum
846 3707 1013 3775 longitudine
1031 3707 1125 3760 ineerti
1145 3720 1250 3769 sumus,
1269 3710 1323 3756 turn
1341 3703 1413 3774 quod

365 3796 512 3860 masalmas,
542 3795 605 3866 quid
625 3797 653 3851 in
671 3796 778 3862 tragica
796 3805 877 3846 seena
895 3791 1047 3862 lueritplo
1067 3783 1222 3862 ἀκρόασιςρ
1258 3789 1326 3844 Nam
1347 3789 1413 3843 llio·

363 3882 442 3948 geals
459 3878 490 3933 L.
511 3878 564 3946 lli,
589 3884 629 3938 ab
654 3881 801 3934 auotoritas
820 3883 888 3945 post
913 3875 1125 3930 emendationem
1150 3877 1240 3930 eximii
1264 3877 1333 3939 uiri,
1360 3878 1414 3927 ista

266 3970 279 3982 ‘
309 4039 311 4044 ι
364 3970 480 4034 quatuor
497 3969 605 4018 nomina
631 3965 758 4017 lentorum
785 3964 818 4017 ad
843 3965 989 4031 marginem
1016 3958 1181 4026 relegentis,
1206 3959 1332 4014 adhiberi
1359 3976 1415 4013 non

364 4048 495 4116 debebat;
535 4051 591 4104 alia
617 4064 683 4106 uero
706 4051 855 4106 auotoritas
881 4048 971 4110 deest,
999 4058 1052 4113 qua
1077 4047 1137 4098 sine
1162 4049 1265 4102 erroris
1290 4047 1415 4116 perieuln

362 4135 468 4188 nitaris.
508 4133 584 4191 doni.
608 4134 783 4190 Bartireiernii
808 4133 879 4190 Diss.
906 4135 933 4186 in
959 4131 1072 4186 Memor.
1102 4131 1185 4186 Aeaei.
1213 4131 1351 4202 inseriptt.
1378 4131 1414 4186 Τ.

361 4215 485 4274 ΧΧΧΙΧ.
528 4218 576 4274 iiio
594 4227 682 4274 autem
701 4219 735 4274 ad
755 4221 923 4276 oonieoturas
950 4217 1116 4288 uniiugae,
1148 4220 1199 4272 etsi
1224 4231 1342 4273 summae
1372 4220 1414 4270 rei

360 4307 470 4359 nostrae
487 4304 661 4373 prelaturas,
681 4320 734 4360 non
753 4312 837 4364 vaoat.
