2944 4900
465 297 839 392 nnonnconnnn.
1194 327 1240 396 oo

109 519 264 598 comantem
298 515 385 578 lacile
417 515 518 578 colem
540 517 704 598 perducet.
760 515 861 597 Neque
889 520 963 578 euim
993 535 1030 580 ue
1057 520 1240 588 tenacissima

110 623 207 702 quietem
230 620 380 694 memoria,
411 637 435 678 a
463 619 578 701 scriptis
605 617 818 700 exemplaribus
848 620 999 696 destituta,
1032 641 1092 683 non
1121 623 1241 686 vacillat

109 727 247 800 interdum,
280 735 308 787 et
337 721 487 804 paullatim
514 721 631 801 longius
660 742 678 783 a
708 721 762 784 lide
793 722 934 786 desciscit.
986 723 1020 785 ln
1045 725 1143 805 primis
1168 741 1239 788 nero

109 825 1240 910 mmmmffiwmmmmmmmwffimm

109 941 207 1012 oportet
225 931 403 1003 memoriam,
429 929 583 1008 multisque
610 929 813 989 minationibus
845 945 962 990 causum
990 929 1115 1002 dederit,
1142 931 1173 990 in
1204 947 1240 992 eo

109 1037 258 1116 praesertim
279 1049 426 1105 sermone,
456 1033 507 1111 qui
534 1029 619 1112 quasi
647 1039 749 1109 sponte
775 1029 959 1092 concluderet
980 1045 1112 1105 uersam,
1143 1051 1240 1114 neque

109 1139 170 1198 lanc
189 1137 371 1199 artificiosam
389 1133 611 1196 concinnitatem
631 1134 765 1208 nuberet,
792 1151 869 1214 quiae
897 1133 1016 1197 aliunde
1034 1136 1117 1197 illata
1137 1155 1240 1218 respn-

110 1249 175 1313 eret,
202 1258 285 1320 qnnrn
307 1239 402 1300 omnia
422 1245 505 1297 tanta
524 1235 706 1316 simplicitate
727 1237 874 1298 sententiis
896 1240 991 1300 verbis
1013 1248 1148 1301 conserte
1175 1242 1240 1316 sint,

109 1343 189 1404 onnia
206 1344 247 1404 ita
264 1342 441 1404 membratim
463 1349 492 1401 et
511 1340 623 1400 incisim
645 1339 816 1413 desineant,
843 1350 873 1400 nt
892 1342 1034 1417 mutandi,
1062 1343 1240 1421 detrahenti,

109 1445 217 1508 aldenli
236 1447 346 1526 emique
367 1444 491 1505 maxima
512 1442 637 1504 facilitas
658 1443 703 1504 sit.
748 1441 897 1504 Postremo
920 1447 1021 1507 mirum
1042 1447 1158 1523 luisset,
1184 1451 1240 1511 nisi

109 1549 230 1630 rbapsotli
250 1547 450 1629 generosioris
466 1531 613 1626 spiritus,
644 1553 672 1605 et
700 1547 749 1625 qni
777 1546 834 1626 ipsi
866 1555 970 1627 poetae
992 1553 1103 1628 essent,
1133 1557 1241 1637 passim

110 1649 204 1730 aliquid
228 1671 246 1713 a
267 1667 300 1712 se
324 1650 426 1712 melius
456 1648 512 1710 dici
527 1665 637 1728 posse,
665 1647 725 1708 alia
752 1651 838 1710 etiam
867 1650 898 1710 in
925 1649 1088 1717 eruditorum
1117 1661 1242 1736 gratiam

39 1829 40 1834 ἵ
109 1753 263 1816 clarioribus
293 1755 390 1816 verbis
419 1751 622 1834 caprimenda,
652 1751 712 1812 alia
740 1751 863 1834 denique
890 1757 1090 1820 intertexentla
1110 1761 1241 1842 pluribus

109 1855 271 1920 Carminibus
292 1875 353 1918 uno
376 1855 425 1916 llo
440 1854 587 1916 nectentis
607 1863 753 1934 putarent.
795 1857 832 1918 Ut
854 1859 928 1918 enim
948 1860 984 1920 ab
1007 1863 1137 1925 omnibns
1156 1866 1242 1928 intel-

108 1959 251 2038 ligerentur
278 1965 310 2022 et
338 1977 402 2022 cum
424 1957 573 2038 uoluptate
594 1957 779 2033 attinentem,
808 1977 917 2022 summa
943 1962 1059 2024 illorum
1082 1985 1153 2028 cure
1177 1961 1242 2032 esse

109 2061 204 2137 debuit,
234 2082 295 2126 non
327 2064 399 2125 llaec
429 2068 461 2122 ut
490 2060 628 2122 Carmina
654 2061 769 2120 sincera
800 2071 966 2133 seruarent,
991 2065 1096 2142 *qualia
1123 2071 1244 2149 primum

108 2165 319 2230 inlustratos.
346 2165 465 2245 ,Itaque
487 2165 652 2228 nominatim
674 2163 825 2244 Gynaetlni
836 2161 946 2224 senilia
961 2165 1144 2231 insimulatur
1163 2172 1243 2236 illum
1262 2184 1312 2238 106

106 2277 155 2332 tum
175 2269 238 2332 aliis
264 2268 365 2330 mollis
395 2267 576 2348 corrupisse,
603 2274 662 2328 tum
687 2266 825 2346 proprios
853 2283 955 2328 nenses
983 2267 1174 2336 inculcatisse
1189 2271 1244 2356 ⁷⁷);

107 2371 190 2448 omre
216 2373 353 2456 cqrrilem
387 2371 573 2444 crediderim,
607 2371 632 2431 si
660 2387 697 2430 ex
719 2369 818 2430 talium
840 2369 1051 2450 rhapsodornm
1078 2389 1131 2436 ore
1159 2395 1248 2445 once,

39 2559 40 2564 ἵ
105 2484 172 2554 ptnn
196 2477 286 2538 inedie
312 2483 441 2537 exstaret
465 2474 625 2556 exemplum
655 2473 787 2547 Homeri,
818 2473 855 2534 ab
884 2475 1100 2555 insequentibus
1131 2477 1244 2541 Critieis

108 2595 156 2638 uon
174 2579 316 2652 limatum,
345 2577 467 2639 eandem
494 2577 573 2652 illius
603 2577 707 2638 facicm
734 2577 859 2640 futurem
890 2597 973 2654 esse,
1004 2599 1090 2660 ptem
1120 2583 1245 2646 maiores

106 2683 185 2744 nostri
202 2683 328 2764 Hymni
348 2681 593 2748 Homeridorctm
614 2681 730 2741 hahent.

194 2787 339 2848 Admonet
360 2803 404 2846 me
423 2786 479 2846 hoc
499 2799 602 2843 nomen
622 2781 813 2861 Hymnorum,
837 2785 873 2844 ab
893 2784 1108 2848 Hemsterhusio
1123 2795 1159 2850 et
1180 2786 1248 2850 aliis

108 2887 212 2948 eruditis
240 2882 408 2961 inductum,
441 2894 473 2946 nt
502 2884 634 2946 adiiciam
664 2883 774 2962 aliquid
804 2885 840 2947 de
871 2886 1095 2969 interpolatione
1123 2890 1247 2970 rhapso-

109 2986 210 3065 tiornm,
239 3008 278 3051 ex
308 3007 365 3070 quo
394 2989 482 3070 plane
504 2997 662 3068 appareat,
696 3005 781 3067 quam
811 2987 856 3055 iili
887 3007 945 3051 non
976 2990 1064 3052 alieni
1081 2989 1201 3053 inerint
1229 3013 1248 3054 a

108 3094 209 3170 poetica
229 3091 388 3163 securitate,
420 3101 448 3154 et
469 3109 555 3172 quam
586 3092 647 3152 sine
668 3089 771 3152 fraude
799 3091 865 3152 tuiis
893 3093 1081 3173 interpolatio
1103 3094 1181 3155 lacta
1202 3096 1248 3155 sit.

108 3191 180 3257 Prius
200 3196 318 3278 quidem
345 3196 430 3258 etiam
458 3194 539 3262 nullo
568 3202 687 3255 auctore
714 3193 956 3282 verisimillimum¹
971 3202 1063 3268 esset,
1095 3197 1150 3256 nisi
1173 3197 1248 3258 adeo

107 3296 204 3376 frigida
231 3307 318 3381 putes
346 3297 462 3360 illorum
491 3297 624 3372 ingenia,
663 3302 706 3356 nt
720 3310 776 3354 usu
802 3312 897 3374 poene
927 3295 1097 3375 quotidiano
1128 3299 1251 3380 optimo-

108 3417 160 3462 rum
178 3411 331 3484 poetarum
351 3419 412 3464 non
430 3397 603 3473 incaluerint
624 3395 662 3456 etl
677 3395 789 3474 aliquid
807 3397 898 3458 simile
917 3398 1090 3461 tentandum.
1134 3397 1249 3475 Verum,

107 3505 156 3564 etsi
175 3507 259 3567 buius
282 3504 348 3566 aeni
375 3512 433 3566 tam
454 3503 597 3564 lacunosa
613 3499 737 3560 historio
759 3507 817 3575 est,
838 3499 989 3562 ¹Pindarus
1016 3510 1111 3563 tamen
1133 3511 1161 3564 et
1182 3502 1263 3564 Plu-s

109 3607 213 3670 tarclrus
227 3601 277 3688 ἥδ)
302 3607 372 3668 satis
386 3605 464 3669 clare
478 3603 610 3678 tradunt,
631 3603 805 3685 compositos
828 3605 1013 3688 arhapsotlis
1032 3624 1096 3668 esse
1116 3607 1321 3688 Hymnos,1op

143 3925 393 3995 77)Scl1nl.l’tnd.
412 3925 430 3980 l.
452 3940 475 3977 c.
494 3927 521 3977 et
540 3936 573 3976 ex
593 3939 626 3978 eo
645 3921 766 3980 Eustatb.
785 3923 819 3978 aa
838 3923 868 3978 ll.
889 3939 914 3994 p.
933 3927 957 3981 6.
978 3925 1026 3981 inl.

142 4014 189 4080 78)
208 4011 248 4065 lle
269 4009 376 4064 Musica
389 4023 414 4078 p.
436 4013 510 4064 1133.
532 4007 560 4061 G.
582 4010 694 4080 loquens
713 4011 745 4064 de
761 4009 846 4064 modis
861 3997 1049 4064 citharoedicis
1070 4015 1096 4064 et
1110 4007 1252 4080 rhapsodis

204 4094 421 4164 antiquioribus:
464 4089 514 4144 Τὰ
548 4092 642 4162 πρὸς
675 4092 763 4154 τοὺς
788 4089 914 4156 θεοὺς,
956 4091 997 4152 ὠς
1029 4091 1252 4163 βούλονται,

205 4175 546 4251 ἀφοσιωσάμενοι,
572 4175 829 4244 ἔξέβαινοοεῦθύζ
855 4177 906 4228 tut
927 4195 959 4230 τε
977 4176 1028 4244 τὴν
1056 4175 1182 4252 Ὀμήρου
1207 4185 1254 4234 καὶ

169 4295 172 4300 -
206 4268 268 4340 ²⁶³!
289 4259 534 4328 cinanmomum·
562 4261 797 4328 interdicatis*
822 4261 883 4312 ἐστὶ
910 4259 959 4314 διὰ
983 4267 1041 4316 τῶν
1062 4261 1254 4337 Τερπάνδρου

206 4354 386 4422 προοιμίων.
432 4345 472 4401 En
489 4343 542 4398 boo
560 4357 612 4399 uno
632 4345 692 4399 loco
713 4345 856 4414 discimus,
880 4361 935 4402 non
959 4349 988 4402 ln
1012 4345 1102 4405 intem
1124 4349 1209 4404 solum
1228 4354 1255 4403 et
