<?xml version="1.0" encoding="UTF-8"?>
<!DOCTYPE html PUBLIC "-//W3C//DTD XHTML 1.0 Transitional//EN"
    "http://www.w3.org/TR/xhtml1/DTD/xhtml1-transitional.dtd">
<html xmlns="http://www.w3.org/1999/xhtml" xml:lang="en" lang="en">
 <head>
  <title>
</title>
<meta http-equiv="Content-Type" content="text/html;charset=utf-8" />
  <meta name='ocr-system' content='tesseract 3.04.00' />
  <meta name='ocr-capabilities' content='ocr_page ocr_carea ocr_par ocr_line ocrx_word'/>
</head>
<body>
  <div class='ocr_page' id='page_1' title='image "./prolegomenaadho02wolfgoog_0081.png"; bbox 0 0 2944 4900; ppageno 0'>
   <div class='ocr_carea' id='block_1_1' title="bbox 180 283 943 354">
    <p class='ocr_par' dir='ltr' id='par_1_1' title="bbox 180 283 943 354">
     <span class='ocr_line' id='line_1_1' title="bbox 180 283 943 354; baseline 0.007 -13"><span class='ocrx_word' id='word_1_1' title='bbox 180 288 225 354; x_wconf 84' lang='lat'>70</span> <span class='ocrx_word' id='word_1_2' title='bbox 568 283 943 352; x_wconf 79' lang='lat' dir='ltr'>ruonnoomnnr.</span> 
     </span>
    </p>
   </div>
   <div class='ocr_carea' id='block_1_2' title="bbox 119 471 1454 2923">
    <p class='ocr_par' dir='ltr' id='par_1_2' title="bbox 184 471 1343 658">
     <span class='ocr_line' id='line_1_2' title="bbox 184 471 1343 556; baseline -0.002 -16"><span class='ocrx_word' id='word_1_3' title='bbox 184 475 393 542; x_wconf 70' lang='lat' dir='ltr'><strong>dissimularem</strong></span> <span class='ocrx_word' id='word_1_4' title='bbox 413 483 464 538; x_wconf 90' lang='lat' dir='ltr'>ant</span> <span class='ocrx_word' id='word_1_5' title='bbox 485 473 589 556; x_wconf 83' lang='lat' dir='ltr'>cupide</span> <span class='ocrx_word' id='word_1_6' title='bbox 609 489 745 552; x_wconf 68' lang='lat' dir='ltr'>agerem</span> <span class='ocrx_word' id='word_1_7' title='bbox 783 473 837 536; x_wconf 87' lang='lat' dir='ltr'>sed</span> <span class='ocrx_word' id='word_1_8' title='bbox 857 473 931 536; x_wconf 83' lang='lat' dir='ltr'>haee</span> <span class='ocrx_word' id='word_1_9' title='bbox 952 471 1139 554; x_wconf 81' lang='lat' dir='ltr'>complurium</span> <span class='ocrx_word' id='word_1_10' title='bbox 1161 481 1198 535; x_wconf 83' lang='lat' dir='ltr'>et</span> <span class='ocrx_word' id='word_1_11' title='bbox 1220 473 1343 538; x_wconf 79' lang='lat' dir='ltr'>diversa</span> 
     </span>
     <span class='ocr_line' id='line_1_3' title="bbox 184 573 1343 658; baseline -0.003 -15"><span class='ocrx_word' id='word_1_12' title='bbox 184 581 234 644; x_wconf 87' lang='lat' dir='ltr'>ris</span> <span class='ocrx_word' id='word_1_13' title='bbox 252 578 474 658; x_wconf 75' lang='lat' dir='ltr'>ingredientium</span> <span class='ocrx_word' id='word_1_14' title='bbox 493 575 595 640; x_wconf 89' lang='lat' dir='ltr'>studiis</span> <span class='ocrx_word' id='word_1_15' title='bbox 617 573 800 654; x_wconf 78' lang='lat' dir='ltr'>dignarum</span> <span class='ocrx_word' id='word_1_16' title='bbox 821 583 881 648; x_wconf 88' lang='lat' dir='ltr'>est,</span> <span class='ocrx_word' id='word_1_17' title='bbox 902 575 933 636; x_wconf 94' lang='lat' dir='ltr'>in</span> <span class='ocrx_word' id='word_1_18' title='bbox 952 574 1051 655; x_wconf 90' lang='lat' dir='ltr'>primis</span> <span class='ocrx_word' id='word_1_19' title='bbox 1075 591 1188 650; x_wconf 90' lang='lat' dir='ltr'>eornm,</span> <span class='ocrx_word' id='word_1_20' title='bbox 1211 577 1261 656; x_wconf 90' lang='lat' dir='ltr'>qui</span> <span class='ocrx_word' id='word_1_21' title='bbox 1281 579 1343 640; x_wconf 86' lang='lat' dir='ltr'>rim</span> 
     </span>
    </p>

    <p class='ocr_par' dir='ltr' id='par_1_3' title="bbox 123 675 1376 1278">
     <span class='ocr_line' id='line_1_4' title="bbox 123 675 1376 761; baseline -0.005 -13"><span class='ocrx_word' id='word_1_22' title='bbox 123 693 172 749; x_wconf 77' lang='lat'>117</span> <span class='ocrx_word' id='word_1_23' title='bbox 190 684 308 746; x_wconf 88' lang='lat' dir='ltr'>humani</span> <span class='ocrx_word' id='word_1_24' title='bbox 329 682 439 761; x_wconf 86' lang='lat' dir='ltr'>ingenii</span> <span class='ocrx_word' id='word_1_25' title='bbox 463 681 499 742; x_wconf 86' lang='lat' dir='ltr'>in</span> <span class='ocrx_word' id='word_1_26' title='bbox 526 681 582 742; x_wconf 88' lang='lat' dir='ltr'>hoo</span> <span class='ocrx_word' id='word_1_27' title='bbox 603 695 712 758; x_wconf 79' lang='lat' dir='ltr'>genere</span> <span class='ocrx_word' id='word_1_28' title='bbox 732 680 823 740; x_wconf 89' lang='lat' dir='ltr'>metiri</span> <span class='ocrx_word' id='word_1_29' title='bbox 848 685 973 760; x_wconf 90' lang='lat' dir='ltr'>possunt</span> <span class='ocrx_word' id='word_1_30' title='bbox 1001 693 1039 741; x_wconf 81' lang='lat' dir='ltr'>ex</span> <span class='ocrx_word' id='word_1_31' title='bbox 1069 695 1123 738; x_wconf 92' lang='lat' dir='ltr'>suo</span> <span class='ocrx_word' id='word_1_32' title='bbox 1146 678 1279 756; x_wconf 86' lang='lat' dir='ltr'>ingenio,</span> <span class='ocrx_word' id='word_1_33' title='bbox 1314 689 1345 742; x_wconf 90' lang='lat' dir='ltr'>et</span> <span class='ocrx_word' id='word_1_34' title='bbox 1372 675 1376 678; x_wconf 78' lang='grc'><strong>’</strong></span> 
     </span>
     <span class='ocr_line' id='line_1_5' title="bbox 187 778 1346 862; baseline -0.003 -14"><span class='ocrx_word' id='word_1_35' title='bbox 187 785 325 850; x_wconf 84' lang='lat' dir='ltr'>indicium</span> <span class='ocrx_word' id='word_1_36' title='bbox 354 785 424 846; x_wconf 90' lang='lat' dir='ltr'>artis</span> <span class='ocrx_word' id='word_1_37' title='bbox 453 783 601 846; x_wconf 84' lang='lat' dir='ltr'>suharium</span> <span class='ocrx_word' id='word_1_38' title='bbox 629 782 735 844; x_wconf 85' lang='lat' dir='ltr'>hahent</span> <span class='ocrx_word' id='word_1_39' title='bbox 768 783 950 862; x_wconf 85' lang='lat' dir='ltr'>antiquarum</span> <span class='ocrx_word' id='word_1_40' title='bbox 975 778 1135 842; x_wconf 86' lang='lat' dir='ltr'>litterarum</span> <span class='ocrx_word' id='word_1_41' title='bbox 1163 781 1346 859; x_wconf 87' lang='lat' dir='ltr'>eognitione,</span> 
     </span>
     <span class='ocr_line' id='line_1_6' title="bbox 189 881 1347 970; baseline -0.004 -19"><span class='ocrx_word' id='word_1_42' title='bbox 189 887 458 970; x_wconf 81' lang='lat' dir='ltr'>Ktopstooktorun,</span> <span class='ocrx_word' id='word_1_43' title='bbox 487 884 722 958; x_wconf 85' lang='lat' dir='ltr'>Wielandorum,</span> <span class='ocrx_word' id='word_1_44' title='bbox 749 885 929 948; x_wconf 86' lang='lat' dir='ltr'>Vossiorum.</span> <span class='ocrx_word' id='word_1_45' title='bbox 980 881 1052 946; x_wconf 87' lang='lat' dir='ltr'>Nam</span> <span class='ocrx_word' id='word_1_46' title='bbox 1072 882 1244 962; x_wconf 82' lang='lat' dir='ltr'>inlgsribus</span> <span class='ocrx_word' id='word_1_47' title='bbox 1271 883 1347 946; x_wconf 83' lang='lat' dir='ltr'>Gal-</span> 
     </span>
     <span class='ocr_line' id='line_1_7' title="bbox 189 985 1347 1071; baseline -0.004 -17"><span class='ocrx_word' id='word_1_48' title='bbox 189 991 386 1054; x_wconf 88' lang='lat' dir='ltr'>lofranoorum</span> <span class='ocrx_word' id='word_1_49' title='bbox 406 989 570 1071; x_wconf 81' lang='lat' dir='ltr'>praereptis</span> <span class='ocrx_word' id='word_1_50' title='bbox 596 997 625 1051; x_wconf 92' lang='lat' dir='ltr'>et</span> <span class='ocrx_word' id='word_1_51' title='bbox 644 987 775 1050; x_wconf 84' lang='lat' dir='ltr'>formulis</span> <span class='ocrx_word' id='word_1_52' title='bbox 799 987 874 1069; x_wconf 88' lang='lat' dir='ltr'>opioi</span> <span class='ocrx_word' id='word_1_53' title='bbox 896 985 1037 1048; x_wconf 80' lang='lat' dir='ltr'>Carminis</span> <span class='ocrx_word' id='word_1_54' title='bbox 1065 985 1194 1048; x_wconf 85' lang='lat' dir='ltr'>iaoiandi</span> <span class='ocrx_word' id='word_1_55' title='bbox 1211 986 1281 1048; x_wconf 92' lang='lat' dir='ltr'>nihil</span> <span class='ocrx_word' id='word_1_56' title='bbox 1304 988 1347 1050; x_wconf 88' lang='lat' dir='ltr'>ad</span> 
     </span>
     <span class='ocr_line' id='line_1_8' title="bbox 191 1089 1347 1174; baseline -0.001 -19"><span class='ocrx_word' id='word_1_57' title='bbox 191 1111 327 1155; x_wconf 80' lang='lat' dir='ltr'>summam</span> <span class='ocrx_word' id='word_1_58' title='bbox 343 1094 388 1154; x_wconf 91' lang='lat' dir='ltr'>rei</span> <span class='ocrx_word' id='word_1_59' title='bbox 407 1091 580 1174; x_wconf 81' lang='lat' dir='ltr'>proficimus.</span> <span class='ocrx_word' id='word_1_60' title='bbox 631 1090 731 1170; x_wconf 85' lang='lat' dir='ltr'>Neque</span> <span class='ocrx_word' id='word_1_61' title='bbox 755 1089 920 1152; x_wconf 82' lang='lat' dir='ltr'>enimsatis</span> <span class='ocrx_word' id='word_1_62' title='bbox 949 1097 1007 1162; x_wconf 85' lang='lat' dir='ltr'>est,</span> <span class='ocrx_word' id='word_1_63' title='bbox 1041 1089 1163 1152; x_wconf 84' lang='lat' dir='ltr'>artificia</span> <span class='ocrx_word' id='word_1_64' title='bbox 1191 1092 1347 1172; x_wconf 87' lang='lat' dir='ltr'>utriusque</span> 
     </span>
     <span class='ocr_line' id='line_1_9' title="bbox 192 1192 1346 1278; baseline -0.002 -20"><span class='ocrx_word' id='word_1_65' title='bbox 192 1195 324 1278; x_wconf 88' lang='lat' dir='ltr'>eorporis</span> <span class='ocrx_word' id='word_1_66' title='bbox 346 1193 499 1272; x_wconf 88' lang='lat' dir='ltr'>admirari,</span> <span class='ocrx_word' id='word_1_67' title='bbox 531 1211 607 1278; x_wconf 90' lang='lat' dir='ltr'>qnae</span> <span class='ocrx_word' id='word_1_68' title='bbox 629 1211 704 1255; x_wconf 88' lang='lat' dir='ltr'>nuno</span> <span class='ocrx_word' id='word_1_69' title='bbox 730 1194 844 1270; x_wconf 89' lang='lat' dir='ltr'>insunt,</span> <span class='ocrx_word' id='word_1_70' title='bbox 871 1192 1036 1275; x_wconf 81' lang='lat' dir='ltr'>primariam</span> <span class='ocrx_word' id='word_1_71' title='bbox 1057 1192 1201 1274; x_wconf 83' lang='lat' dir='ltr'>quandam</span> <span class='ocrx_word' id='word_1_72' title='bbox 1229 1203 1258 1256; x_wconf 93' lang='lat' dir='ltr'>et</span> <span class='ocrx_word' id='word_1_73' title='bbox 1276 1197 1346 1256; x_wconf 90' lang='lat' dir='ltr'>sim·</span> 
     </span>
    </p>

    <p class='ocr_par' dir='ltr' id='par_1_4' title="bbox 119 1285 1351 1895">
     <span class='ocr_line' id='line_1_10' title="bbox 119 1285 1349 1382; baseline 0.004 -26"><span class='ocrx_word' id='word_1_74' title='bbox 119 1343 124 1356; x_wconf 70' lang='grc'>,</span> <span class='ocrx_word' id='word_1_75' title='bbox 192 1298 297 1382; x_wconf 79' lang='lat' dir='ltr'>phtem</span> <span class='ocrx_word' id='word_1_76' title='bbox 317 1293 455 1380; x_wconf 79' lang='grc' dir='ltr'><strong><em>πρᾶξιν,</em></strong></span> <span class='ocrx_word' id='word_1_77' title='bbox 483 1297 513 1360; x_wconf 92' lang='lat' dir='ltr'>in</span> <span class='ocrx_word' id='word_1_78' title='bbox 542 1298 666 1360; x_wconf 81' lang='lat' dir='ltr'>maxima</span> <span class='ocrx_word' id='word_1_79' title='bbox 694 1285 838 1367; x_wconf 46' lang='lat' dir='ltr'>‘uarietate</span> <span class='ocrx_word' id='word_1_80' title='bbox 868 1314 965 1361; x_wconf 89' lang='lat' dir='ltr'>rernm</span> <span class='ocrx_word' id='word_1_81' title='bbox 990 1304 1026 1358; x_wconf 89' lang='lat' dir='ltr'>et.</span> <span class='ocrx_word' id='word_1_82' title='bbox 1044 1305 1210 1360; x_wconf 77' lang='lat' dir='ltr'>eventorum</span> <span class='ocrx_word' id='word_1_83' title='bbox 1236 1298 1349 1378; x_wconf 89' lang='lat' dir='ltr'>ubique</span> 
     </span>
     <span class='ocr_line' id='line_1_11' title="bbox 193 1399 1349 1481; baseline 0 -19"><span class='ocrx_word' id='word_1_84' title='bbox 193 1400 393 1481; x_wconf 78' lang='lat' dir='ltr'>conspicuam,</span> <span class='ocrx_word' id='word_1_85' title='bbox 417 1421 503 1464; x_wconf 91' lang='lat' dir='ltr'>unum</span> <span class='ocrx_word' id='word_1_86' title='bbox 524 1410 618 1465; x_wconf 85' lang='lat' dir='ltr'>aotnm</span> <span class='ocrx_word' id='word_1_87' title='bbox 641 1418 678 1462; x_wconf 84' lang='lat' dir='ltr'>ex</span> <span class='ocrx_word' id='word_1_88' title='bbox 699 1399 837 1460; x_wconf 84' lang='lat' dir='ltr'>uniuersa</span> <span class='ocrx_word' id='word_1_89' title='bbox 857 1399 980 1462; x_wconf 85' lang='lat' dir='ltr'>historia</span> <span class='ocrx_word' id='word_1_90' title='bbox 1001 1399 1124 1463; x_wconf 86' lang='lat' dir='ltr'>Troiani</span> <span class='ocrx_word' id='word_1_91' title='bbox 1141 1399 1230 1474; x_wconf 89' lang='lat' dir='ltr'>belli,</span> <span class='ocrx_word' id='word_1_92' title='bbox 1257 1419 1349 1462; x_wconf 91' lang='lat' dir='ltr'>unum</span> 
     </span>
     <span class='ocr_line' id='line_1_12' title="bbox 193 1500 1350 1582; baseline 0.003 -20"><span class='ocrx_word' id='word_1_93' title='bbox 193 1502 310 1562; x_wconf 78' lang='lat' dir='ltr'>heroem</span> <span class='ocrx_word' id='word_1_94' title='bbox 340 1500 493 1581; x_wconf 77' lang='lat' dir='ltr'>selectum,</span> <span class='ocrx_word' id='word_1_95' title='bbox 527 1503 643 1582; x_wconf 90' lang='lat' dir='ltr'>reliqua</span> <span class='ocrx_word' id='word_1_96' title='bbox 671 1501 710 1562; x_wconf 89' lang='lat' dir='ltr'>ad</span> <span class='ocrx_word' id='word_1_97' title='bbox 738 1500 936 1563; x_wconf 84' lang='lat' dir='ltr'>exornandum</span> <span class='ocrx_word' id='word_1_98' title='bbox 964 1501 1089 1575; x_wconf 82' lang='lat' dir='ltr'>seilicet,</span> <span class='ocrx_word' id='word_1_99' title='bbox 1125 1503 1232 1565; x_wconf 86' lang='lat' dir='ltr'>enllide</span> <span class='ocrx_word' id='word_1_100' title='bbox 1255 1504 1350 1566; x_wconf 86' lang='lat' dir='ltr'>inter-</span> 
     </span>
     <span class='ocr_line' id='line_1_13' title="bbox 195 1603 1350 1686; baseline 0.002 -19"><span class='ocrx_word' id='word_1_101' title='bbox 195 1603 309 1686; x_wconf 87' lang='lat' dir='ltr'>posita;</span> <span class='ocrx_word' id='word_1_102' title='bbox 347 1603 394 1665; x_wconf 87' lang='lat' dir='ltr'>hle</span> <span class='ocrx_word' id='word_1_103' title='bbox 416 1604 512 1666; x_wconf 88' lang='lat' dir='ltr'>omnis</span> <span class='ocrx_word' id='word_1_104' title='bbox 534 1603 571 1664; x_wconf 87' lang='lat' dir='ltr'>ad</span> <span class='ocrx_word' id='word_1_105' title='bbox 596 1605 669 1665; x_wconf 79' lang='lat' dir='ltr'>iram</span> <span class='ocrx_word' id='word_1_106' title='bbox 689 1603 811 1666; x_wconf 80' lang='lat' dir='ltr'>Achillis</span> <span class='ocrx_word' id='word_1_107' title='bbox 835 1605 945 1679; x_wconf 87' lang='lat' dir='ltr'>relata,</span> <span class='ocrx_word' id='word_1_108' title='bbox 975 1604 1035 1666; x_wconf 85' lang='lat' dir='ltr'>illic</span> <span class='ocrx_word' id='word_1_109' title='bbox 1064 1603 1102 1667; x_wconf 84' lang='lat' dir='ltr'>ad</span> <span class='ocrx_word' id='word_1_110' title='bbox 1126 1605 1238 1685; x_wconf 77' lang='lat' dir='ltr'>Ulpssis</span> <span class='ocrx_word' id='word_1_111' title='bbox 1268 1607 1350 1669; x_wconf 90' lang='lat' dir='ltr'>redi-</span> 
     </span>
     <span class='ocr_line' id='line_1_14' title="bbox 195 1705 1350 1792; baseline 0.003 -23"><span class='ocrx_word' id='word_1_112' title='bbox 195 1716 270 1778; x_wconf 72' lang='lat' dir='ltr'>tumr</span> <span class='ocrx_word' id='word_1_113' title='bbox 311 1706 383 1767; x_wconf 86' lang='lat' dir='ltr'>nihil</span> <span class='ocrx_word' id='word_1_114' title='bbox 409 1723 467 1766; x_wconf 96' lang='lat' dir='ltr'>non</span> <span class='ocrx_word' id='word_1_115' title='bbox 492 1705 567 1767; x_wconf 91' lang='lat' dir='ltr'>hene</span> <span class='ocrx_word' id='word_1_116' title='bbox 589 1705 800 1780; x_wconf 84' lang='lat' dir='ltr'>continuatum,</span> <span class='ocrx_word' id='word_1_117' title='bbox 828 1707 898 1768; x_wconf 91' lang='lat' dir='ltr'>nihil</span> <span class='ocrx_word' id='word_1_118' title='bbox 926 1717 1158 1792; x_wconf 84' lang='lat' dir='ltr'>praeposterum,</span> <span class='ocrx_word' id='word_1_119' title='bbox 1186 1709 1258 1771; x_wconf 85' lang='lat' dir='ltr'>nihil</span> <span class='ocrx_word' id='word_1_120' title='bbox 1278 1729 1350 1791; x_wconf 90' lang='lat' dir='ltr'>per-</span> 
     </span>
     <span class='ocr_line' id='line_1_15' title="bbox 195 1803 1351 1895; baseline 0.004 -24"><span class='ocrx_word' id='word_1_121' title='bbox 195 1810 356 1883; x_wconf 84' lang='lat' dir='ltr'>turbatum,</span> <span class='ocrx_word' id='word_1_122' title='bbox 378 1806 449 1870; x_wconf 86' lang='lat' dir='ltr'>nihil</span> <span class='ocrx_word' id='word_1_123' title='bbox 470 1805 562 1868; x_wconf 83' lang='lat' dir='ltr'>hians.</span> <span class='ocrx_word' id='word_1_124' title='bbox 604 1803 694 1895; x_wconf 76' lang='lat' dir='ltr'>Plura</span> <span class='ocrx_word' id='word_1_125' title='bbox 711 1808 813 1880; x_wconf 86' lang='lat' dir='ltr'>horum</span> <span class='ocrx_word' id='word_1_126' title='bbox 832 1827 900 1872; x_wconf 83' lang='lat' dir='ltr'>rere</span> <span class='ocrx_word' id='word_1_127' title='bbox 913 1809 1058 1874; x_wconf 86' lang='lat' dir='ltr'>dilaudari</span> <span class='ocrx_word' id='word_1_128' title='bbox 1074 1805 1132 1888; x_wconf 79' lang='lat'>8⁵),</span> <span class='ocrx_word' id='word_1_129' title='bbox 1154 1813 1219 1893; x_wconf 90' lang='lat' dir='ltr'>quis</span> <span class='ocrx_word' id='word_1_130' title='bbox 1237 1815 1351 1892; x_wconf 74' lang='lat' dir='ltr'>neget?</span> 
     </span>
    </p>

    <p class='ocr_par' dir='ltr' id='par_1_5' title="bbox 128 1908 1454 2817">
     <span class='ocr_line' id='line_1_16' title="bbox 128 1908 1350 1997; baseline 0.003 -23"><span class='ocrx_word' id='word_1_131' title='bbox 128 1921 180 1976; x_wconf 83' lang='lat'>118</span> <span class='ocrx_word' id='word_1_132' title='bbox 198 1910 234 1973; x_wconf 88' lang='lat' dir='ltr'>ds</span> <span class='ocrx_word' id='word_1_133' title='bbox 262 1909 394 1989; x_wconf 77' lang='lat' dir='ltr'>Odyssea</span> <span class='ocrx_word' id='word_1_134' title='bbox 407 1908 555 1984; x_wconf 82' lang='lat' dir='ltr'>maxime,</span> <span class='ocrx_word' id='word_1_135' title='bbox 588 1908 670 1970; x_wconf 88' lang='lat' dir='ltr'>onius</span> <span class='ocrx_word' id='word_1_136' title='bbox 699 1909 877 1975; x_wconf 87' lang='lat' dir='ltr'>admirshihs</span> <span class='ocrx_word' id='word_1_137' title='bbox 907 1930 1016 1974; x_wconf 89' lang='lat' dir='ltr'>summa</span> <span class='ocrx_word' id='word_1_138' title='bbox 1049 1921 1079 1975; x_wconf 93' lang='lat' dir='ltr'>et</span> <span class='ocrx_word' id='word_1_139' title='bbox 1108 1930 1263 1995; x_wconf 75' lang='lat' dir='ltr'>compages</span> <span class='ocrx_word' id='word_1_140' title='bbox 1292 1933 1350 1997; x_wconf 92' lang='lat' dir='ltr'>pro</span> 
     </span>
     <span class='ocr_line' id='line_1_17' title="bbox 196 2011 1352 2097; baseline 0.004 -22"><span class='ocrx_word' id='word_1_141' title='bbox 196 2011 430 2097; x_wconf 70' lang='lat' dir='ltr'>praeclarissimo</span> <span class='ocrx_word' id='word_1_142' title='bbox 460 2017 640 2072; x_wconf 87' lang='lat' dir='ltr'>monumento</span> <span class='ocrx_word' id='word_1_143' title='bbox 670 2011 774 2074; x_wconf 83' lang='lat' dir='ltr'>Graeci</span> <span class='ocrx_word' id='word_1_144' title='bbox 802 2014 913 2094; x_wconf 81' lang='lat' dir='ltr'>ingenii</span> <span class='ocrx_word' id='word_1_145' title='bbox 948 2016 1082 2078; x_wconf 83' lang='lat' dir='ltr'>habenda</span> <span class='ocrx_word' id='word_1_146' title='bbox 1114 2025 1165 2078; x_wconf 87' lang='lat' dir='ltr'>est.</span> <span class='ocrx_word' id='word_1_147' title='bbox 1220 2017 1293 2080; x_wconf 87' lang='lat' dir='ltr'>Nom</span> <span class='ocrx_word' id='word_1_148' title='bbox 1319 2021 1352 2082; x_wconf 89' lang='lat' dir='ltr'>in</span> 
     </span>
     <span class='ocr_line' id='line_1_18' title="bbox 197 2111 1353 2194; baseline 0.003 -14"><span class='ocrx_word' id='word_1_149' title='bbox 197 2115 289 2180; x_wconf 86' lang='lat' dir='ltr'>lliade</span> <span class='ocrx_word' id='word_1_150' title='bbox 311 2112 438 2178; x_wconf 87' lang='lat' dir='ltr'>nondum</span> <span class='ocrx_word' id='word_1_151' title='bbox 458 2111 591 2194; x_wconf 83' lang='lat' dir='ltr'>deposita</span> <span class='ocrx_word' id='word_1_152' title='bbox 613 2123 679 2176; x_wconf 89' lang='lat' dir='ltr'>sunt</span> <span class='ocrx_word' id='word_1_153' title='bbox 700 2116 857 2178; x_wconf 87' lang='lat' dir='ltr'>certamina</span> <span class='ocrx_word' id='word_1_154' title='bbox 877 2118 1005 2181; x_wconf 86' lang='lat' dir='ltr'>uirorum</span> <span class='ocrx_word' id='word_1_155' title='bbox 1028 2118 1177 2182; x_wconf 82' lang='lat' dir='ltr'>doctorum</span> <span class='ocrx_word' id='word_1_156' title='bbox 1198 2119 1234 2182; x_wconf 89' lang='lat' dir='ltr'>ds</span> <span class='ocrx_word' id='word_1_157' title='bbox 1253 2140 1353 2184; x_wconf 92' lang='lat' dir='ltr'>rernm</span> 
     </span>
     <span class='ocr_line' id='line_1_19' title="bbox 199 2218 1354 2304; baseline 0.009 -25"><span class='ocrx_word' id='word_1_158' title='bbox 199 2219 294 2299; x_wconf 86' lang='lat' dir='ltr'>eapite</span> <span class='ocrx_word' id='word_1_159' title='bbox 317 2226 345 2279; x_wconf 92' lang='lat' dir='ltr'>et</span> <span class='ocrx_word' id='word_1_160' title='bbox 367 2224 537 2295; x_wconf 87' lang='lat' dir='ltr'>argumento</span> <span class='ocrx_word' id='word_1_161' title='bbox 559 2218 708 2297; x_wconf 85' lang='lat' dir='ltr'>primario.</span> <span class='ocrx_word' id='word_1_162' title='bbox 753 2219 796 2282; x_wconf 90' lang='lat' dir='ltr'>De</span> <span class='ocrx_word' id='word_1_163' title='bbox 820 2241 878 2303; x_wconf 94' lang='lat' dir='ltr'>qno</span> <span class='ocrx_word' id='word_1_164' title='bbox 903 2231 1049 2304; x_wconf 89' lang='lat' dir='ltr'>uteunque</span> <span class='ocrx_word' id='word_1_165' title='bbox 1066 2223 1295 2300; x_wconf 77' lang='lat' dir='ltr'>existimabitur,</span> <span class='ocrx_word' id='word_1_166' title='bbox 1323 2237 1354 2289; x_wconf 90' lang='lat' dir='ltr'>et</span> 
     </span>
     <span class='ocr_line' id='line_1_20' title="bbox 199 2309 1454 2410; baseline 0.011 -28"><span class='ocrx_word' id='word_1_167' title='bbox 199 2328 231 2382; x_wconf 87' lang='lat' dir='ltr'>nt</span> <span class='ocrx_word' id='word_1_168' title='bbox 253 2337 354 2382; x_wconf 87' lang='lat' dir='ltr'>sensns</span> <span class='ocrx_word' id='word_1_169' title='bbox 371 2309 604 2400; x_wconf 68' lang='grc' dir='ltr'><em>,προεκθέσεως</em></span> <span class='ocrx_word' id='word_1_170' title='bbox 624 2318 793 2399; x_wconf 80' lang='lat' dir='ltr'>longissime</span> <span class='ocrx_word' id='word_1_171' title='bbox 816 2333 931 2404; x_wconf 86' lang='lat' dir='ltr'>patent,</span> <span class='ocrx_word' id='word_1_172' title='bbox 962 2324 1083 2410; x_wconf 85' lang='lat' dir='ltr'>(qnippe</span> <span class='ocrx_word' id='word_1_173' title='bbox 1107 2325 1289 2390; x_wconf 81' lang='lat' dir='ltr'>suffecissent</span> <span class='ocrx_word' id='word_1_174' title='bbox 1309 2330 1355 2392; x_wconf 93' lang='lat' dir='ltr'>illi</span> <span class='ocrx_word' id='word_1_175' title='bbox 1453 2313 1454 2396; x_wconf 63' lang='grc' dir='ltr'>Ῐ</span> 
     </span>
     <span class='ocr_line' id='line_1_21' title="bbox 200 2421 1355 2512; baseline 0.007 -26"><span class='ocrx_word' id='word_1_176' title='bbox 200 2423 312 2504; x_wconf 86' lang='lat' dir='ltr'>aliquot</span> <span class='ocrx_word' id='word_1_177' title='bbox 330 2421 508 2504; x_wconf 76' lang='lat' dir='ltr'>prochorum</span> <span class='ocrx_word' id='word_1_178' title='bbox 536 2421 656 2484; x_wconf 84' lang='lat' dir='ltr'>absente</span> <span class='ocrx_word' id='word_1_179' title='bbox 684 2423 799 2487; x_wconf 81' lang='lat' dir='ltr'>Achille</span> <span class='ocrx_word' id='word_1_180' title='bbox 825 2426 967 2490; x_wconf 82' lang='lat' dir='ltr'>laetorum</span> <span class='ocrx_word' id='word_1_181' title='bbox 995 2429 1242 2512; x_wconf 73' lang='lat' dir='ltr'>descriptionesz)</span> <span class='ocrx_word' id='word_1_182' title='bbox 1278 2451 1355 2494; x_wconf 88' lang='lat' dir='ltr'>nun-</span> 
     </span>
     <span class='ocr_line' id='line_1_22' title="bbox 202 2524 1355 2616; baseline 0.01 -30"><span class='ocrx_word' id='word_1_183' title='bbox 202 2543 288 2606; x_wconf 86' lang='lat' dir='ltr'>quam</span> <span class='ocrx_word' id='word_1_184' title='bbox 310 2533 405 2588; x_wconf 87' lang='lat' dir='ltr'>tamen</span> <span class='ocrx_word' id='word_1_185' title='bbox 426 2524 513 2587; x_wconf 84' lang='lat' dir='ltr'>osrtis</span> <span class='ocrx_word' id='word_1_186' title='bbox 536 2525 713 2604; x_wconf 73' lang='lat' dir='ltr'>argumentis</span> <span class='ocrx_word' id='word_1_187' title='bbox 735 2526 903 2607; x_wconf 80' lang='lat' dir='ltr'>docebitur,</span> <span class='ocrx_word' id='word_1_188' title='bbox 924 2540 1031 2613; x_wconf 88' lang='lat' dir='ltr'>septem</span> <span class='ocrx_word' id='word_1_189' title='bbox 1052 2533 1119 2595; x_wconf 90' lang='lat' dir='ltr'>illos</span> <span class='ocrx_word' id='word_1_190' title='bbox 1142 2551 1244 2595; x_wconf 84' lang='lat' dir='ltr'>uersus</span> <span class='ocrx_word' id='word_1_191' title='bbox 1268 2537 1355 2616; x_wconf 90' lang='lat' dir='ltr'>quid-</span> 
     </span>
     <span class='ocr_line' id='line_1_23' title="bbox 202 2627 1355 2717; baseline 0.014 -28"><span class='ocrx_word' id='word_1_192' title='bbox 202 2647 288 2710; x_wconf 84' lang='lat' dir='ltr'>quam</span> <span class='ocrx_word' id='word_1_193' title='bbox 310 2627 389 2689; x_wconf 86' lang='lat' dir='ltr'>ultra</span> <span class='ocrx_word' id='word_1_194' title='bbox 410 2627 577 2709; x_wconf 80' lang='lat' dir='ltr'>promittere</span> <span class='ocrx_word' id='word_1_195' title='bbox 599 2645 685 2708; x_wconf 85' lang='lat' dir='ltr'>quam</span> <span class='ocrx_word' id='word_1_196' title='bbox 698 2629 791 2694; x_wconf 89' lang='lat' dir='ltr'>XVIll</span> <span class='ocrx_word' id='word_1_197' title='bbox 814 2633 996 2714; x_wconf 68' lang='lat' dir='ltr'>rhapsodiam</span> <span class='ocrx_word' id='word_1_198' title='bbox 1040 2633 1183 2717; x_wconf 79' lang='lat' dir='ltr'>Reliquae</span> <span class='ocrx_word' id='word_1_199' title='bbox 1201 2657 1259 2700; x_wconf 90' lang='lat' dir='ltr'>non</span> <span class='ocrx_word' id='word_1_200' title='bbox 1277 2641 1355 2704; x_wconf 82' lang='lat' dir='ltr'>imm</span> 
     </span>
     <span class='ocr_line' id='line_1_24' title="bbox 201 2731 1355 2817; baseline 0.01 -23"><span class='ocrx_word' id='word_1_201' title='bbox 201 2731 322 2794; x_wconf 81' lang='lat' dir='ltr'>Achillis</span> <span class='ocrx_word' id='word_1_202' title='bbox 350 2731 379 2792; x_wconf 95' lang='lat' dir='ltr'>in</span> <span class='ocrx_word' id='word_1_203' title='bbox 408 2732 652 2810; x_wconf 80' lang='lat' dir='ltr'>Agamemnonem</span> <span class='ocrx_word' id='word_1_204' title='bbox 682 2741 710 2794; x_wconf 93' lang='lat' dir='ltr'>et</span> <span class='ocrx_word' id='word_1_205' title='bbox 742 2733 870 2799; x_wconf 79' lang='lat' dir='ltr'>Graecos</span> <span class='ocrx_word' id='word_1_206' title='bbox 900 2738 1060 2812; x_wconf 87' lang='lat' dir='ltr'>eontinent,</span> <span class='ocrx_word' id='word_1_207' title='bbox 1095 2734 1146 2800; x_wconf 91' lang='lat' dir='ltr'>sed</span> <span class='ocrx_word' id='word_1_208' title='bbox 1176 2758 1297 2817; x_wconf 88' lang='lat' dir='ltr'>nouam,</span> <span class='ocrx_word' id='word_1_209' title='bbox 1336 2765 1355 2806; x_wconf 88' lang='lat' dir='ltr'>a</span> 
     </span>
    </p>

    <p class='ocr_par' dir='ltr' id='par_1_6' title="bbox 168 2834 1355 2923">
     <span class='ocr_line' id='line_1_25' title="bbox 168 2834 1355 2923; baseline 0.012 -28"><span class='ocrx_word' id='word_1_210' title='bbox 168 2912 173 2920; x_wconf 29' lang='grc' dir='ltr'>Ι</span> <span class='ocrx_word' id='word_1_211' title='bbox 200 2836 300 2919; x_wconf 89' lang='lat' dir='ltr'>priore</span> <span class='ocrx_word' id='word_1_212' title='bbox 324 2834 414 2914; x_wconf 86' lang='lat' dir='ltr'>longe</span> <span class='ocrx_word' id='word_1_213' title='bbox 441 2834 584 2896; x_wconf 86' lang='lat' dir='ltr'>diuersam</span> <span class='ocrx_word' id='word_1_214' title='bbox 612 2835 781 2914; x_wconf 82' lang='lat' dir='ltr'>minimeque</span> <span class='ocrx_word' id='word_1_215' title='bbox 811 2838 870 2898; x_wconf 90' lang='lat' dir='ltr'>illis</span> <span class='ocrx_word' id='word_1_216' title='bbox 900 2857 1034 2918; x_wconf 82' lang='lat' dir='ltr'>grauem,</span> <span class='ocrx_word' id='word_1_217' title='bbox 1063 2842 1162 2904; x_wconf 90' lang='lat' dir='ltr'>idest</span> <span class='ocrx_word' id='word_1_218' title='bbox 1190 2845 1253 2906; x_wconf 89' lang='lat' dir='ltr'>eius</span> <span class='ocrx_word' id='word_1_219' title='bbox 1280 2847 1355 2923; x_wconf 84' lang='lat' dir='ltr'>irae,</span> 
     </span>
    </p>
   </div>
   <div class='ocr_carea' id='block_1_3' title="bbox 242 3099 1453 3950">
    <p class='ocr_par' dir='ltr' id='par_1_7' title="bbox 242 3099 1453 3526">
     <span class='ocr_line' id='line_1_26' title="bbox 242 3099 1355 3175; baseline 0.016 -22"><span class='ocrx_word' id='word_1_220' title='bbox 242 3101 291 3168; x_wconf 82' lang='grc'>85)</span> <span class='ocrx_word' id='word_1_221' title='bbox 312 3099 444 3156; x_wconf 80' lang='lat' dir='ltr'>Continuo</span> <span class='ocrx_word' id='word_1_222' title='bbox 465 3101 560 3156; x_wconf 86' lang='lat' dir='ltr'>lalsnm</span> <span class='ocrx_word' id='word_1_223' title='bbox 579 3109 636 3167; x_wconf 85' lang='lat' dir='ltr'>est,</span> <span class='ocrx_word' id='word_1_224' title='bbox 666 3103 737 3172; x_wconf 87' lang='lat' dir='ltr'>quod</span> <span class='ocrx_word' id='word_1_225' title='bbox 758 3112 864 3175; x_wconf 81' lang='lat' dir='ltr'>poetam</span> <span class='ocrx_word' id='word_1_226' title='bbox 892 3112 919 3162; x_wconf 91' lang='lat' dir='ltr'>in</span> <span class='ocrx_word' id='word_1_227' title='bbox 940 3108 1025 3164; x_wconf 83' lang='lat' dir='ltr'>lliado</span> <span class='ocrx_word' id='word_1_228' title='bbox 1046 3113 1171 3166; x_wconf 78' lang='lat' dir='ltr'>universo</span> <span class='ocrx_word' id='word_1_229' title='bbox 1192 3113 1265 3170; x_wconf 90' lang='lat' dir='ltr'>hello</span> <span class='ocrx_word' id='word_1_230' title='bbox 1285 3121 1355 3171; x_wconf 88' lang='lat' dir='ltr'>arti·</span> 
     </span>
     <span class='ocr_line' id='line_1_27' title="bbox 309 3188 1356 3271; baseline 0.015 -31"><span class='ocrx_word' id='word_1_231' title='bbox 309 3188 402 3243; x_wconf 83' lang='lat' dir='ltr'>dolose</span> <span class='ocrx_word' id='word_1_232' title='bbox 431 3205 506 3244; x_wconf 86' lang='lat' dir='ltr'>nsnm</span> <span class='ocrx_word' id='word_1_233' title='bbox 532 3195 627 3258; x_wconf 86' lang='lat' dir='ltr'>putant</span> <span class='ocrx_word' id='word_1_234' title='bbox 648 3188 682 3242; x_wconf 87' lang='lat' dir='ltr'>ad</span> <span class='ocrx_word' id='word_1_235' title='bbox 701 3191 848 3246; x_wconf 87' lang='lat' dir='ltr'>ornandum</span> <span class='ocrx_word' id='word_1_236' title='bbox 877 3201 905 3248; x_wconf 86' lang='lat' dir='ltr'>et</span> <span class='ocrx_word' id='word_1_237' title='bbox 929 3196 1139 3266; x_wconf 84' lang='lat' dir='ltr'>amplihoandnm</span> <span class='ocrx_word' id='word_1_238' title='bbox 1168 3210 1356 3271; x_wconf 83' lang='lat' dir='ltr'>argumentum</span> 
     </span>
     <span class='ocr_line' id='line_1_28' title="bbox 310 3273 1356 3357; baseline 0.015 -31"><span class='ocrx_word' id='word_1_239' title='bbox 310 3289 393 3328; x_wconf 83' lang='lat' dir='ltr'>suam.</span> <span class='ocrx_word' id='word_1_240' title='bbox 431 3273 564 3344; x_wconf 86' lang='lat' dir='ltr'>Repetunt</span> <span class='ocrx_word' id='word_1_241' title='bbox 581 3275 632 3328; x_wconf 89' lang='lat' dir='ltr'>hoe</span> <span class='ocrx_word' id='word_1_242' title='bbox 657 3290 689 3330; x_wconf 86' lang='lat' dir='ltr'>ex</span> <span class='ocrx_word' id='word_1_243' title='bbox 709 3283 770 3330; x_wconf 82' lang='lat' dir='ltr'>rett.</span> <span class='ocrx_word' id='word_1_244' title='bbox 794 3276 994 3346; x_wconf 78' lang='lat' dir='ltr'>Grammaticis,</span> <span class='ocrx_word' id='word_1_245' title='bbox 1021 3285 1048 3336; x_wconf 91' lang='lat' dir='ltr'>in</span> <span class='ocrx_word' id='word_1_246' title='bbox 1067 3298 1107 3351; x_wconf 92' lang='lat' dir='ltr'>pr.</span> <span class='ocrx_word' id='word_1_247' title='bbox 1127 3281 1247 3342; x_wconf 71' lang='lat' dir='ltr'>Eustath.</span> <span class='ocrx_word' id='word_1_248' title='bbox 1272 3305 1299 3357; x_wconf 91' lang='lat' dir='ltr'>p.</span> <span class='ocrx_word' id='word_1_249' title='bbox 1320 3297 1356 3353; x_wconf 91' lang='lat'>7.,</span> 
     </span>
     <span class='ocr_line' id='line_1_29' title="bbox 311 3359 1356 3436; baseline 0.013 -22"><span class='ocrx_word' id='word_1_250' title='bbox 311 3362 357 3430; x_wconf 89' lang='lat' dir='ltr'>qul</span> <span class='ocrx_word' id='word_1_251' title='bbox 375 3363 544 3430; x_wconf 86' lang='lat' dir='ltr'>ineptissima</span> <span class='ocrx_word' id='word_1_252' title='bbox 566 3362 593 3414; x_wconf 92' lang='lat' dir='ltr'>in</span> <span class='ocrx_word' id='word_1_253' title='bbox 618 3359 686 3416; x_wconf 83' lang='lat' dir='ltr'>hane</span> <span class='ocrx_word' id='word_1_254' title='bbox 708 3369 869 3418; x_wconf 63' lang='lat' dir='ltr'>sententiam</span> <span class='ocrx_word' id='word_1_255' title='bbox 893 3367 986 3429; x_wconf 85' lang='lat' dir='ltr'>allent,</span> <span class='ocrx_word' id='word_1_256' title='bbox 1016 3369 1155 3423; x_wconf 78' lang='lat' dir='ltr'>ronti-aria</span> <span class='ocrx_word' id='word_1_257' title='bbox 1180 3376 1276 3436; x_wconf 85' lang='lat' dir='ltr'>etiam,</span> <span class='ocrx_word' id='word_1_258' title='bbox 1303 3379 1356 3429; x_wconf 89' lang='lat' dir='ltr'>etsi</span> 
     </span>
     <span class='ocr_line' id='line_1_30' title="bbox 310 3442 1453 3526; baseline 0.016 -31"><span class='ocrx_word' id='word_1_259' title='bbox 310 3442 362 3496; x_wconf 86' lang='lat' dir='ltr'>hoe</span> <span class='ocrx_word' id='word_1_260' title='bbox 378 3460 432 3498; x_wconf 92' lang='lat' dir='ltr'>non</span> <span class='ocrx_word' id='word_1_261' title='bbox 447 3444 563 3513; x_wconf 83' lang='lat' dir='ltr'>ospitale</span> <span class='ocrx_word' id='word_1_262' title='bbox 584 3445 667 3506; x_wconf 84' lang='lat' dir='ltr'>daeo,</span> <span class='ocrx_word' id='word_1_263' title='bbox 686 3443 858 3507; x_wconf 78' lang='lat' dir='ltr'>Aristoteleis</span> <span class='ocrx_word' id='word_1_264' title='bbox 875 3453 901 3505; x_wconf 92' lang='lat' dir='ltr'>in</span> <span class='ocrx_word' id='word_1_265' title='bbox 918 3451 996 3508; x_wconf 81' lang='lat' dir='ltr'>P-odt.</span> <span class='ocrx_word' id='word_1_266' title='bbox 1015 3468 1037 3506; x_wconf 83' lang='lat' dir='ltr'>e.</span> <span class='ocrx_word' id='word_1_267' title='bbox 1057 3460 1099 3511; x_wconf 82' lang='lat'>2³.</span> <span class='ocrx_word' id='word_1_268' title='bbox 1133 3453 1215 3510; x_wconf 88' lang='lat' dir='ltr'>lmmo</span> <span class='ocrx_word' id='word_1_269' title='bbox 1228 3456 1270 3510; x_wconf 91' lang='lat' dir='ltr'>illi</span> <span class='ocrx_word' id='word_1_270' title='bbox 1290 3473 1356 3526; x_wconf 86' lang='lat' dir='ltr'>par·</span> <span class='ocrx_word' id='word_1_271' title='bbox 1452 3511 1453 3526; x_wconf 63' lang='lat'>,</span> 
     </span>
    </p>

    <p class='ocr_par' dir='ltr' id='par_1_8' title="bbox 259 3527 1453 3950">
     <span class='ocr_line' id='line_1_31' title="bbox 259 3527 1453 3609; baseline 0.025 -35"><span class='ocrx_word' id='word_1_272' title='bbox 259 3561 282 3582; x_wconf 65' lang='grc'>,.</span> <span class='ocrx_word' id='word_1_273' title='bbox 311 3527 356 3576; x_wconf 88' lang='lat' dir='ltr'>tim</span> <span class='ocrx_word' id='word_1_274' title='bbox 378 3540 432 3578; x_wconf 86' lang='lat' dir='ltr'>non</span> <span class='ocrx_word' id='word_1_275' title='bbox 451 3528 565 3582; x_wconf 82' lang='lat' dir='ltr'>obseura</span> <span class='ocrx_word' id='word_1_276' title='bbox 583 3529 751 3596; x_wconf 82' lang='lat' dir='ltr'>signihoant,</span> <span class='ocrx_word' id='word_1_277' title='bbox 776 3541 860 3588; x_wconf 86' lang='lat' dir='ltr'>rutum</span> <span class='ocrx_word' id='word_1_278' title='bbox 890 3539 987 3594; x_wconf 88' lang='lat' dir='ltr'>hellnm</span> <span class='ocrx_word' id='word_1_279' title='bbox 1014 3542 1042 3594; x_wconf 89' lang='lat' dir='ltr'>in</span> <span class='ocrx_word' id='word_1_280' title='bbox 1066 3537 1150 3594; x_wconf 84' lang='lat' dir='ltr'>iliade</span> <span class='ocrx_word' id='word_1_281' title='bbox 1171 3542 1297 3599; x_wconf 83' lang='lat' dir='ltr'>deserlhi.</span> <span class='ocrx_word' id='word_1_282' title='bbox 1333 3543 1357 3609; x_wconf 71' lang='lat' dir='ltr'>ll</span> <span class='ocrx_word' id='word_1_283' title='bbox 1452 3533 1453 3604; x_wconf 61' lang='grc' dir='ltr'>ζ</span> 
     </span>
     <span class='ocr_line' id='line_1_32' title="bbox 310 3607 1453 3698; baseline 0.022 -37"><span class='ocrx_word' id='word_1_284' title='bbox 310 3608 411 3664; x_wconf 84' lang='lat' dir='ltr'>tolihus</span> <span class='ocrx_word' id='word_1_285' title='bbox 438 3612 575 3680; x_wconf 83' lang='lat' dir='ltr'>magistris</span> <span class='ocrx_word' id='word_1_286' title='bbox 598 3627 653 3666; x_wconf 89' lang='lat' dir='ltr'>mon</span> <span class='ocrx_word' id='word_1_287' title='bbox 676 3617 813 3683; x_wconf 84' lang='lat' dir='ltr'>proisetns</span> <span class='ocrx_word' id='word_1_288' title='bbox 838 3629 959 3678; x_wconf 88' lang='lat' dir='ltr'>nentrum</span> <span class='ocrx_word' id='word_1_289' title='bbox 984 3627 1010 3678; x_wconf 89' lang='lat' dir='ltr'>in</span> <span class='ocrx_word' id='word_1_290' title='bbox 1029 3607 1076 3678; x_wconf 74' lang='lat' dir='ltr'>¹ea</span> <span class='ocrx_word' id='word_1_291' title='bbox 1101 3625 1158 3679; x_wconf 90' lang='lat' dir='ltr'>lieri</span> <span class='ocrx_word' id='word_1_292' title='bbox 1184 3628 1248 3682; x_wconf 87' lang='lat' dir='ltr'>datu</span> <span class='ocrx_word' id='word_1_293' title='bbox 1271 3645 1358 3698; x_wconf 84' lang='lat' dir='ltr'>opera</span> <span class='ocrx_word' id='word_1_294' title='bbox 1452 3613 1453 3623; x_wconf 9' lang='grc' dir='ltr'>ἵ</span> 
     </span>
     <span class='ocr_line' id='line_1_33' title="bbox 311 3692 1357 3782; baseline 0.02 -36"><span class='ocrx_word' id='word_1_295' title='bbox 311 3692 456 3760; x_wconf 78' lang='lat' dir='ltr'>fatebitur,</span> <span class='ocrx_word' id='word_1_296' title='bbox 494 3711 543 3752; x_wconf 90' lang='lat' dir='ltr'>neo</span> <span class='ocrx_word' id='word_1_297' title='bbox 570 3697 650 3752; x_wconf 83' lang='lat' dir='ltr'>sliam</span> <span class='ocrx_word' id='word_1_298' title='bbox 680 3707 763 3756; x_wconf 85' lang='lat' dir='ltr'>artem</span> <span class='ocrx_word' id='word_1_299' title='bbox 790 3719 942 3775; x_wconf 83' lang='lat' dir='ltr'>apparere,</span> <span class='ocrx_word' id='word_1_300' title='bbox 976 3712 1026 3764; x_wconf 90' lang='lat' dir='ltr'>nisi</span> <span class='ocrx_word' id='word_1_301' title='bbox 1054 3723 1125 3772; x_wconf 81' lang='lat' dir='ltr'>eant,</span> <span class='ocrx_word' id='word_1_302' title='bbox 1161 3714 1357 3782; x_wconf 83' lang='lat' dir='ltr'>quamplures</span> 
     </span>
     <span class='ocr_line' id='line_1_34' title="bbox 310 3777 1359 3868; baseline 0.02 -36"><span class='ocrx_word' id='word_1_303' title='bbox 310 3777 433 3832; x_wconf 84' lang='lat' dir='ltr'>historici</span> <span class='ocrx_word' id='word_1_304' title='bbox 456 3784 661 3849; x_wconf 84' lang='lat' dir='ltr'>quaesiverunt,</span> <span class='ocrx_word' id='word_1_305' title='bbox 694 3790 740 3858; x_wconf 86' lang='lat' dir='ltr'>qni</span> <span class='ocrx_word' id='word_1_306' title='bbox 773 3790 868 3848; x_wconf 82' lang='lat' dir='ltr'>breves</span> <span class='ocrx_word' id='word_1_307' title='bbox 896 3801 986 3863; x_wconf 85' lang='lat' dir='ltr'>partes</span> <span class='ocrx_word' id='word_1_308' title='bbox 1009 3793 1146 3850; x_wconf 73' lang='lat' dir='ltr'>&#39;historiae</span> <span class='ocrx_word' id='word_1_309' title='bbox 1171 3798 1359 3868; x_wconf 82' lang='lat' dir='ltr'>singularibus</span> 
     </span>
     <span class='ocr_line' id='line_1_35' title="bbox 312 3865 1359 3950; baseline 0.019 -32"><span class='ocrx_word' id='word_1_310' title='bbox 312 3865 439 3934; x_wconf 81' lang='lat' dir='ltr'>operibns</span> <span class='ocrx_word' id='word_1_311' title='bbox 459 3867 590 3936; x_wconf 85' lang='lat' dir='ltr'>complexi</span> <span class='ocrx_word' id='word_1_312' title='bbox 608 3878 685 3936; x_wconf 87' lang='lat' dir='ltr'>sunt,</span> <span class='ocrx_word' id='word_1_313' title='bbox 709 3877 749 3930; x_wconf 83' lang='lat' dir='ltr'>vel</span> <span class='ocrx_word' id='word_1_314' title='bbox 771 3889 848 3946; x_wconf 87' lang='lat' dir='ltr'>quam</span> <span class='ocrx_word' id='word_1_315' title='bbox 871 3881 965 3936; x_wconf 76' lang='lat' dir='ltr'>cinero</span> <span class='ocrx_word' id='word_1_316' title='bbox 985 3879 1117 3946; x_wconf 80' lang='lat' dir='ltr'>Laenate,</span> <span class='ocrx_word' id='word_1_317' title='bbox 1137 3889 1247 3950; x_wconf 86' lang='lat' dir='ltr'>sperato</span> <span class='ocrx_word' id='word_1_318' title='bbox 1267 3899 1359 3938; x_wconf 82' lang='lat' dir='ltr'>rernm</span> 
     </span>
    </p>
   </div>
   <div class='ocr_carea' id='block_1_4' title="bbox 281 3939 1452 4205">
    <p class='ocr_par' dir='ltr' id='par_1_9' title="bbox 281 3939 1452 4205">
     <span class='ocr_line' id='line_1_36' title="bbox 310 3939 1452 4038; baseline 0.018 -36"><span class='ocrx_word' id='word_1_319' title='bbox 310 3939 418 4004; x_wconf 74' lang='lat' dir='ltr'>sutirum</span> <span class='ocrx_word' id='word_1_320' title='bbox 442 3957 586 4023; x_wconf 85' lang='lat' dir='ltr'>scriptori,</span> <span class='ocrx_word' id='word_1_321' title='bbox 618 3962 783 4016; x_wconf 82' lang='lat' dir='ltr'>commendat</span> <span class='ocrx_word' id='word_1_322' title='bbox 805 3967 988 4030; x_wconf 73' lang='lat' dir='ltr'>festinationis</span> <span class='ocrx_word' id='word_1_323' title='bbox 1013 3983 1109 4029; x_wconf 70' lang='lat' dir='ltr'>coam,</span> <span class='ocrx_word' id='word_1_324' title='bbox 1137 3969 1253 4038; x_wconf 76' lang='lat' dir='ltr'>rogans,</span> <span class='ocrx_word' id='word_1_325' title='bbox 1285 3978 1315 4022; x_wconf 85' lang='lat' dir='ltr'>ot</span> <span class='ocrx_word' id='word_1_326' title='bbox 1342 3989 1360 4021; x_wconf 85' lang='lat' dir='ltr'>u</span> <span class='ocrx_word' id='word_1_327' title='bbox 1451 4007 1452 4024; x_wconf 51' lang='lat' dir='ltr'>r</span> 
     </span>
     <span class='ocr_line' id='line_1_37' title="bbox 281 4038 1452 4122; baseline 0.02 -36"><span class='ocrx_word' id='word_1_328' title='bbox 281 4079 299 4091; x_wconf 91' lang='grc'>.,</span> <span class='ocrx_word' id='word_1_329' title='bbox 312 4038 504 4092; x_wconf 77' lang='lat' dir='ltr'>corstirnontihos</span> <span class='ocrx_word' id='word_1_330' title='bbox 531 4045 585 4094; x_wconf 82' lang='lat' dir='ltr'>tois</span> <span class='ocrx_word' id='word_1_331' title='bbox 610 4048 733 4112; x_wconf 79' lang='lat' dir='ltr'>seriptis,</span> <span class='ocrx_word' id='word_1_332' title='bbox 758 4051 788 4102; x_wconf 86' lang='lat' dir='ltr'>io</span> <span class='ocrx_word' id='word_1_333' title='bbox 814 4051 906 4117; x_wconf 70' lang='lat' dir='ltr'>quihus</span> <span class='ocrx_word' id='word_1_334' title='bbox 927 4059 1084 4118; x_wconf 73' lang='lat' dir='ltr'>perpetuom</span> <span class='ocrx_word' id='word_1_335' title='bbox 1107 4069 1198 4106; x_wconf 70' lang='lat' dir='ltr'>rerum</span> <span class='ocrx_word' id='word_1_336' title='bbox 1221 4039 1360 4122; x_wconf 78' lang='lat' dir='ltr'>pestorani</span> <span class='ocrx_word' id='word_1_337' title='bbox 1451 4111 1452 4118; x_wconf 62' lang='grc'>,</span> 
     </span>
     <span class='ocr_line' id='line_1_38' title="bbox 311 4121 1452 4205; baseline 0.019 -34"><span class='ocrx_word' id='word_1_338' title='bbox 311 4121 451 4178; x_wconf 80' lang='lat' dir='ltr'>historiam</span> <span class='ocrx_word' id='word_1_339' title='bbox 467 4130 665 4198; x_wconf 76' lang='lat' dir='ltr'>complecteris,</span> <span class='ocrx_word' id='word_1_340' title='bbox 690 4148 815 4186; x_wconf 75' lang='lat' dir='ltr'>sereretur</span> <span class='ocrx_word' id='word_1_341' title='bbox 839 4135 906 4188; x_wconf 81' lang='lat' dir='ltr'>boos</span> <span class='ocrx_word' id='word_1_342' title='bbox 925 4139 1002 4203; x_wconf 75' lang='lat' dir='ltr'>quusi</span> <span class='ocrx_word' id='word_1_343' title='bbox 1017 4139 1135 4205; x_wconf 63' lang='lat' dir='ltr'>[mlum</span> <span class='ocrx_word' id='word_1_344' title='bbox 1164 4155 1255 4192; x_wconf 76' lang='lat' dir='ltr'>rerum</span> <span class='ocrx_word' id='word_1_345' title='bbox 1278 4155 1360 4191; x_wconf 82' lang='lat' dir='ltr'>roen-</span> <span class='ocrx_word' id='word_1_346' title='bbox 1451 4123 1452 4162; x_wconf 25' lang='grc' dir='ltr'><em>Ὗ</em></span> 
     </span>
    </p>
   </div>
   <div class='ocr_carea' id='block_1_5' title="bbox 311 4211 1360 4370">
    <p class='ocr_par' dir='ltr' id='par_1_10' title="bbox 311 4211 1360 4370">
     <span class='ocr_line' id='line_1_39' title="bbox 311 4211 1360 4294; baseline 0.018 -35"><span class='ocrx_word' id='word_1_347' title='bbox 311 4213 449 4276; x_wconf 77' lang='lat' dir='ltr'>torumque</span> <span class='ocrx_word' id='word_1_348' title='bbox 466 4221 629 4272; x_wconf 79' lang='lat' dir='ltr'>nostrornm.</span> <span class='ocrx_word' id='word_1_349' title='bbox 674 4211 807 4284; x_wconf 80' lang='lat' dir='ltr'>scriptori</span> <span class='ocrx_word' id='word_1_350' title='bbox 826 4217 905 4274; x_wconf 77' lang='lat' dir='ltr'>halas</span> <span class='ocrx_word' id='word_1_351' title='bbox 924 4226 1034 4291; x_wconf 83' lang='lat' dir='ltr'>generis</span> <span class='ocrx_word' id='word_1_352' title='bbox 1053 4222 1121 4278; x_wconf 83' lang='lat' dir='ltr'>adeo</span> <span class='ocrx_word' id='word_1_353' title='bbox 1146 4238 1227 4294; x_wconf 84' lang='lat' dir='ltr'>saepe</span> <span class='ocrx_word' id='word_1_354' title='bbox 1246 4235 1360 4279; x_wconf 86' lang='lat' dir='ltr'>neeesse</span> 
     </span>
     <span class='ocr_line' id='line_1_40' title="bbox 311 4293 1023 4370; baseline 0.032 -28"><span class='ocrx_word' id='word_1_355' title='bbox 311 4296 364 4356; x_wconf 84' lang='lat' dir='ltr'>est,</span> <span class='ocrx_word' id='word_1_356' title='bbox 386 4293 486 4348; x_wconf 86' lang='lat' dir='ltr'>linitum</span> <span class='ocrx_word' id='word_1_357' title='bbox 503 4299 597 4354; x_wconf 86' lang='lat' dir='ltr'>orbem</span> <span class='ocrx_word' id='word_1_358' title='bbox 620 4300 713 4368; x_wconf 77' lang='lat' dir='ltr'>egredi</span> <span class='ocrx_word' id='word_1_359' title='bbox 733 4307 759 4355; x_wconf 88' lang='lat' dir='ltr'>et</span> <span class='ocrx_word' id='word_1_360' title='bbox 778 4305 872 4370; x_wconf 82' lang='lat' dir='ltr'>priora</span> <span class='ocrx_word' id='word_1_361' title='bbox 893 4309 1023 4366; x_wconf 76' lang='lat' dir='ltr'>interere.</span> 
     </span>
    </p>
   </div>
   <div class='ocr_carea' id='block_1_6' title="bbox 0 0 1499 4900">
    <p class='ocr_par' dir='ltr' id='par_1_11' title="bbox 0 0 1499 4900">
     <span class='ocr_line' id='line_1_41' title="bbox 0 0 1499 4900; baseline 0 0"><span class='ocrx_word' id='word_1_362' title='bbox 0 0 1499 4900; x_wconf 95' lang='lat' dir='ltr'> </span> 
     </span>
    </p>
   </div>
  </div>
 </body>
</html>
