2944 4900
209 307 253 378 δῖ
394 325 397 332 ’
598 299 973 377 rttot'aaottutti.

210 501 238 564 la
257 510 356 563 antem
375 497 476 561 modus
500 497 594 580 qualis
617 499 721 576 inerit,
749 501 816 583 ipsa
836 502 981 564 vocabula
1004 511 1154 565 testantur.
1201 503 1248 566 lle
1267 505 1366 588 poetis

211 605 285 667 enlm
306 603 455 686 proprium
477 610 520 664 est
550 611 578 664 et
607 603 852 678 sareditarum,
881 600 1100 668 διδάσκειν
1125 600 1365 688 δρᾶμματα,

104 757 106 762 .
209 707 314 769 Latine
348 706 482 779 dooere;
528 705 564 768 de
601 707 764 775 aotoriltns,
798 702 1042 786 μανθάνειν,
1081 709 1201 772 discere
1230 721 1366 793 portes.-

210 810 276 872 nino
307 803 510 886 διδάσκαλοι,
544 801 815 886 ὖποὸιδάσκαλοι,
845 799 1120 890 ἅντιδιδάσκαλοι,
1154 809 1365 893 διθυραμβο-

143 912 194 966 104
211 907 399 974 διδάσκαλοι
427 919 455 972 et
484 911 544 972 alia
571 911 767 974 huiuscemodi
784 907 837 990 ⁷⁵),
894 913 1045 989 Nimirum,
1079 923 1112 976 ut
1146 917 1364 992 oln‘ronontiam,

210 1024 241 1078 ut
263 1016 394 1096 reliquos
416 1022 508 1075 motus
532 1015 679 1096 eorporis,
706 1023 846 1077 attotam
867 1015 1050 1078 saltationem
1073 1025 1187 1080 actores
1210 1018 1365 1083 disoebant

209 1117 349 1200 adspectu
382 1121 671 1200 praemonstrantium
700 1120 919 1198 magistrorum,
953 1121 994 1180 ita
1025 1121 1110 1182 etiam
1134 1123 1246 1196 rerba·
1269 1141 1364 1204 prae·

209 1221 322 1283 maante
343 1224 407 1303 ipso
427 1231 530 1304 potita,
558 1223 721 1296 auditione,
743 1241 819 1292 nou,
848 1223 922 1284 siout
940 1221 1043 1297 hodie,
1074 1241 1090 1284 e
1109 1221 1215 1286 libellis
1235 1227 1363 1308 arripie-

208 1323 287 1388 bantss
330 1325 431 1406 ltaque
453 1327 508 1387 loo
530 1325 659 1386 instituto
681 1325 727 1386 usi
748 1323 882 1386 ridentur
901 1325 1056 1410 rlrapsodi,
1083 1335 1117 1387 nt
1140 1327 1215 1389 alter
1236 1329 1363 1392 alterum

210 1428 327 1492 doceret
346 1447 457 1501 coram,
479 1445 546 1488 mox
568 1427 737 1489 exercitatio
760 1436 788 1489 et
806 1427 943 1508 frequens
965 1429 1099 1493 recitatio
1121 1439 1211 1493 amam
1229 1443 1374 1513 pararet.-

207 1533 309 1613 Neque
333 1551 404 1593 sane
431 1539 489 1605 ost,
520 1530 596 1611 quod
624 1531 698 1591 lano
725 1531 866 1591 rationem
892 1531 1099 1593 incommodam
1128 1531 1178 1594 rel
1203 1536 1362 1598 memoriae

207 1635 400 1697 molestiorem
420 1643 551 1718 putemus
568 1635 629 1695 luao
650 1637 765 1694 nostra‘:
801 1639 878 1694 oerte
902 1634 933 1695 id
953 1635 1084 1717 quisque·
1108 1635 1190 1698 nobis
1211 1638 1361 1714 oonoedot,

208 1757 271 1802 eam
301 1756 360 1801 non
386 1736 516 1822 potuisse
543 1754 601 1797 uon
631 1736 720 1797 multo
749 1735 938 1797 eiicariorem
966 1755 1030 1798 esse
1062 1737 1101 1798 ad
1131 1741 1264 1821 optimam
1287 1741 1362 1823 pr'o-

207 1837 421 1903 nunoiationenr
442 1849 530 1919 atque
558 1839 711 1900 nerinorum
734 1839 996 1919 sententiarumque
1023 1841 1148 1902 omnium
1175 1859 1275 1904 reram
1301 1845 1361 1905 rim

208 1954 237 2008 ot
253 1961 355 2006 souum
376 1941 595 2022 assequendum.
636 1940 700 2002 lluo
721 1942 848 2016 accedit,
871 1942 949 2023 quod
972 1944 1113 2004 acerrima
1128 1943 1224 2005 studia
1243 1945 1362 2008 audito-

205 2066 269 2110 rum
298 2047 368 2108 oum'
392 2063 499 2107 summo
530 2059 627 2106 amore
657 2043 830 2106 domesticae
865 2045 1004 2107 historiae
1033 2047 1064 2106 in
1090 2046 1216 2126 antiquis
1245 2039 1362 2110 ἔπεσιν
1454 2091 1455 2098 1

205 2149 396 2214 hauddubie
424 2165 542 2231 operam
568 2149 652 2210 istam
673 2143 789 2208 troilon
813 2155 841 2208 ot
865 2143 1021 2210 ineundam
1050 2149 1223 2216 eitioiohant
1274 2151 1360 2228 Quae
1454 2235 1455 2238 Ἴ

205 2255 315 2326 omnia,
339 2269 378 2312 ex
400 2251 516 2313 illorum
538 2259 697 2330 temporum
715 2251 841 2328 ingeniis
863 2270 899 2314 ao
915 2235 1042 2314 moribus
1064 2253 1360 2328 exstimulandum
1454 2239 1455 2252 ¹

204 2355 455 2434 nonrelinquant
485 2350 670 2426 dubitationi,
706 2353 757 2432 qni
785 2353 848 2416 lieri
873 2357 1001 2437 potuerit
1026 2356 1116 2431 illnd‚·
1147 2358 1225 2438 quod
1248 2358 1360 2424 lantum
1454 2341 1455 2398 l

205 2475 270 2521 esse
288 2457 443 2521 historicae
466 2455 594 2520 rationes
615 2454 809 2538 perriooront.

694 2609 700 2613 ·
729 2679 823 2760 tlt.

307 2869 388 2932 liaeo
418 2878 515 2932 autem
543 2869 690 2950 reputanti
723 2869 791 2929 mili
819 2867 1002 2930 veliementer
1031 2885 1133 2932 errare
1162 2871 1298 2941 ridentur
1324 2875 1358 2950 ii,

204 2973 254 3054 qni
284 2980 387 3053 putant
415 2970 519 3034 litteris
550 2987 608 3031 non
635 2987 718 3031 usum
740 2968 895 3032 liemarum
923 2973 1017 3033 statim
1042 2981 1133 3035 totum
1157 2974 1300 3038 immutari
1326 2987 1359 3040 et

203 3075 250 3136 sui
281 3071 446 3136 dissimilem
480 3071 564 3133 reddi
597 3089 716 3159 neceme
743 3073 842 3134 irrisae.
902 3074 934 3136 ld
965 3075 1076 3138 soilio'et
1104 3075 1246 3140 etoossot
1273 3097 1358 3158 naga

135 3197 186 3254 105
204 3177 332 3253 auditio,
354 3193 413 3238 non
432 3175 562 3255 legitima
581 3183 611 3237 et
630 3177 705 3242 bene
726 3177 886 3256 composita
907 3171 1109 3241 διδασκαλία.
1153 3181 1356 3246 Veruntamen
1453 3163 1454 3166 Ἴ

201 3285 259 3370 ipsi
285 3290 398 3345 ratores
430 3298 449 3343 a
477 3279 630 3360 rhapsodis
659 3280 829 3360 repetebant
855 3282 996 3361 originem
1019 3285 1164 3346 variarum
1188 3285 1355 3362 nouorum,

201 3389 232 3454 in
262 3401 419 3463 eorumque
453 3382 628 3448 creberrimo
656 3389 743 3444 cantu
770 3384 957 3464 praecipuum
986 3385 1093 3450 latitem
1118 3387 1257 3449 nideiant
1286 3407 1357 3452 oar-

201 3487 344 3568 mptionis
373 3493 401 3545 et
428 3483 661 3564 interpolationis
689 3483 868 3550 llomurinae.
923 3489 1021 3567 Atque
1048 3489 1103 3550 loo
1130 3489 1278 3563 iudio‘nm,
1314 3493 1354 3558 ab

200 3585 407 3658 Alexandrinis
436 3583 549 3645 Criticis
577 3585 738 3666 proiectum
755 3581 812 3665 ⁷⁰),
848 3589 988 3652 eiusmodi
1017 3599 1079 3664 est,
1115 3600 1146 3653 ut
1178 3603 1282 3654 natura
1310 3597 1355 3658 rei

204 3815 207 3823 ’
242 3825 292 3896 75)
313 3820 446 3883 Postea,
472 3831 541 3888 quaa
562 3833 595 3871 ox
615 3817 745 3890 llarpoar.
765 3826 791 3875 ot
809 3821 922 3894 lleapoh.
943 3841 966 3878 v.
987 3822 1161 3888 διδάσκαλος
1179 3843 1196 3880 a
1214 3827 1355 3885 nonnullis

302 3908 370 3963 uiris
389 3904 475 3958 dootis
495 3902 629 3970 breviter,
651 3911 678 3958 at
696 3919 712 3957 a
734 3905 839 3961 Casaub
868 3911 896 3963 ln
915 3909 1009 3964 Athen.
1028 3909 1081 3976 Vl,
1098 3917 1124 3968 7.
1143 3905 1353 3968 didasaattar'um
1452 3911 1453 3928 ¹

187 4007 189 4012 ·
302 4003 385 4046 rausa
410 3994 504 4042 notata
532 3992 607 4053 sunt,
641 4005 735 4057 nenio,
763 3993 835 4062 qnod
861 3997 960 4059 solata,
993 3995 1021 4048 in
1047 3993 1117 4049 hano
1143 4012 1199 4051 rem
1224 4005 1354 4053 aoonrate

301 4076 455 4148 lnqalsirtt,
485 4079 675 4143 exspectatque
701 4089 733 4129 aa
757 4075 842 4130 adino
869 4079 953 4132 locam
981 4093 1055 4133 aram
1071 4097 1135 4140 xoram
1163 4081 1252 4136 meato
1277 4081 1353 4149 aliis,

302 4173 370 4230 quaa
389 4159 422 4212 ad
441 4158 519 4214 latios
537 4163 659 4215 saenioos
680 4157 843 4215 Graecorum
864 4165 1007 4232 pertinent.

237 4245 447 4382 wlpprpptlpm
478 4259 522 4315 ap.
552 4243 658 4317 loseph.
689 4253 808 4300 extremo
841 4248 917 4314 loeo,
953 4257 1030 4322 quem
1053 4263 1137 4322 snpra
1163 4249 1295 4320 desoripsl
1324 4265 1351 4320 p.
