2976 4900
503 311 874 394 raotnccnaun.
901 334 907 344 s
1202 319 1264 384 tat

114 510 218 573 mosim
240 500 332 564 textui
350 498 504 562 inculcant
548 501 620 564 illam
642 503 711 583 qnid
730 503 798 565 illos
821 499 956 579 afferam,
983 507 1033 586 qni
1056 505 1133 587 apud
1155 506 1265 589 llippo·

114 614 238 678 cratem,
267 602 432 673 Platonem,
461 601 649 678 Strabonem,
677 605 752 668 alios
772 606 924 684 legeretur,
952 614 1091 688 tanquam
1110 609 1177 670 elim
1196 609 1264 672 lecti
1281 607 1331 662 261

113 712 144 772 in
167 708 269 771 ordine
284 700 354 785 ⁴⁰)i
398 706 488 785 Atqui
518 705 619 768 borum
643 725 777 772 uersuum
807 710 904 772 omnia
930 710 1055 790 sesbgia
1080 711 1176 774 deleta
1196 721 1262 776 suut
1279 713 1332 768 262

117 891 429 905 Μ

217 989 308 1056 fluct,
335 1005 446 1061 qnorum
464 989 603 1048 Ruhnken.
623 997 740 1048 meminit
760 995 793 1048 ud
813 995 903 1066 Hp'mn.
924 1000 949 1050 in
971 997 1117 1060 Cer.108.‚
1148 1001 1262 1054 iniectos

217 1082 278 1148 post
297 1095 322 1130 u.
339 1079 416 1142 43³„
442 1084 468 1130 et
488 1077 554 1131 duos
572 1083 633 1146 post
652 1099 677 1133 ο.
697 1085 755 1143 Sin,
781 1069 932 1136 Hesiodlcis
954 1082 1059 1150 Theog.
1076 1083 1136 1138 tes.
1157 1088 1183 1136 et
1201 1082 1263 1135 aliis

220 1163 319 1217 tubulis
348 1164 415 1216 satis
446 1163 562 1227 similes;
593 1171 646 1218 turn
674 1167 838 1221 miserrimos
859 1172 915 1220 tres
940 1173 1002 1238 post
1029 1165 1125 1237 Odyss.
1150 1163 1262 1232 l.»43'8.,

143 1281 148 1288 ·
219 1263 286 1318 quos
313 1251 433 1302 seruauit
456 1247 546 1302 Solrol.
565 1246 684 1316 Euripid.
733 1247 826 1304 Plures
852 1249 931 1305 butus
949 1258 1043 1317 notae,
1070 1251 1113 1306 vel
1131 1251 1194 1305 sela
1210 1250 1262 1304 lide

190 1385 195 1395 ,
217 1333 397 1398 diobolarium
410 1333 554 1397 codicum,
577 1332 691 1386 adscivit
707 1333 870 1400 Barucuius,
895 1337 1004 1404 priores
1022 1335 1132 1406 quidem
1148 1337 1176 1400 iu
1194 1354 1219 1394 c.
1235 1341 1263 1391 ct

219 1438 242 1474 o.
260 1421 341 1473 etiam
359 1418 489 1484 Decetia,
514 1419 687 1472 librariorum
710 1422 785 1472 totos
811 1436 905 1476 uersus
924 1421 1261 1494 emittentiumnegligen-

215 1506 278 1557 tia·
298 1517 412 1574 querens
432 1510 458 1558 et
475 1518 560 1574 prava
585 1503 686 1558 indicia
706 1504 873 1568 criticorum.
917 1502 998 1558 Recte
1023 1511 1177 1578 utrumque:
1208 1493 1261 1559 nisi

176 1634 180 1640 .
218 1587 267 1644 sub
292 1605 369 1660 unum
389 1589 542 1658 adspectum
561 1592 651 1658 posite
673 1579 773 1643 indicia
793 1606 880 1644 rerum
899 1591 1028 1644 aliorsum
1046 1587 1184 1644 lleclercnt
1202 1593 1262 1642 ani-

216 1689 283 1728 mum
303 1675 476 1744 suspicacem.
510 1673 568 1748 lam
586 1676 679 1728 vellem
700 1674 815 1739 audire„
828 1673 891 1744 quid
910 1673 989 1729 docta
1003 1677 1097 1732 mulier
1111 1677 1263 1730 iudicatura

216 1759 325 1822 luisset,
359 1761 383 1810 si
417 1773 508 1812 omnes
532 1760 600 1813 olim
624 1775 642 1816 a
666 1761 774 1814 Griticis
801 1763 917 1814 reiectae
942 1749 1168 1832 interpolationes
1192 1777 1281 1830 nunc,

218 1845 352 1898 cusentin
370 1848 452 1902 textu.
487 1842 522 1896 At
540 1845 687 1915 quaerebat
704 1861 737 1900 ea
752 1852 862 1914 pudiare
880 1848 1027 1913 inicorum,
1054 1859 1130 1918 quem
1148 1863 1199 1902 nus
1217 1863 1261 1901 re-

218 1930 357 2006 quirimus
393 1925 474 1988 Quod
488 1934 575 1982 autem
593 1929 723 2000 librarius
741 1931 846 2000 culpat,
866 1931 1038 2004 qnosdtcttt
1063 1948 1173 2003 quorum
1194 1938 1261 2005 tem-

217 2013 332 2083 porum?
385 2013 462 2068 Nam
483 2007 546 2068 illae
570 2017 735 2086 omissiones
761 2018 841 2070 multo
867 2023 931 2070 sunt
952 2023 1114 2072 vetustiores
1139 2011 1287 2076 librariis,

216 2105 369 2154 nostrarum
401 2100 626 2166 membranarum,
658 2095 768 2171 quarum
799 2101 949 2166 nulladum,
979 2105 1030 2156 etsi
1055 2103 1172 2174 undique
1196 2119 1260 2158 conn-

215 2189 319 2240 tractae
343 2191 420 2250 sunt,
447 2199 480 2238 nc
505 2201 584 2244 unum
609 2185 713 2256 quidem
742 2201 847 2246 versum
865 2186 979 2255 protulit
995 2203 1107 2253 novum,
1135 2203 1211 2258 quem
1232 2191 1260 2242 in

215 2273 372 2340 recensione
389 2270 540 2325 Aristarchi
567 2273 650 2326 luisse
673 2272 795 2340 locuples
819 2274 897 2326 testis
916 2271 1069 2338 confirmat,
1094 2274 1157 2328 licet
1175 2273 1261 2328 additi

181 2358 184 2364 ’
214 2371 308 2411 versus
332 2357 428 2426 partim
456 2355 520 2409 boni
538 2359 607 2422 siut,
633 2359 730 2428 partim
749 2356 915 2414 tolerabiles.
950 2355 1157 2414 Nam-addendo
1176 2362 1260 2416 iuter-

216 2441 276 2496 dum
302 2457 357 2494 uon
381 2439 526 2495 infeliciter
552 2441 689 2507 luserunt,
718 2441 828 2513 perinde
848 2447 876 2496 ut
892 2447 1001 2512 saepius
1020 2450 1164 2511 peccarunt
1182 2447 1260 2498 ornit-

215 2527 311 2592 teudo‚
342 2527 442 2596 singuli
466 2530 494 2580 iu
512 2530 643 2598 siugulis3
674 2542 728 2583 non
747 2543 838 2582 omncs
858 2526 890 2582 ds
908 2533 1055 2596 compacto.
1098 2527 1260 2592 traversus,

217 2629 294 2684 quem
312 2613 392 2666 barn.
415 2627 446 2665 ex
466 2607 644 2684 Grammatico
669 2613 751 2666 intimi
776 2615 836 2666 acsi
859 2612 1012 2682 (Herodoto
1033 2610 1067 2665 de
1087 2611 1152 2666 Vita
1168 2611 1261 2682 ilem)

214 2703 276 2768 pout
301 2700 362 2754 153.
391 2716 418 2752 n.
442 2696 579 2767 Odysseae
610 2693 733 2761 intorsit,
754 2699 881 2756 ,omissus
910 2697 996 2756 uideri
1021 2703 1111 2768 potest
1132 2701 1159 2752 iu
1183 2697 1260 2752 cedd.

214 2783 335 2838 omnibus
361 2783 394 2835 ob
420 2784 545 2852 principii
569 2781 767 2840 similitudinem
793 2798 850 2838 cum
868 2787 1009 2854 prouim0;
1042 2785 1088 2853 qui
1107 2799 1187 2836 error
1204 2784 1259 2837 lrc-

215 2871 404 2939 urentissimus
435 2874 476 2922 est
504 2869 532 2920 in
555 2857 799 2940 dpcnorsbedrcrr,
831 2869 944 2922 maxime
967 2871 996 2921 in
1024 2869 1100 2927 codd.
1129 2867 1260 2926 Vindobb.

214 2955 374 3011 llarnesiuru
395 2959 483 3006 tamen
509 2953 689 3021 probabiliter
714 2949 915 3028 reprehendunt
938 2951 1029 3010 Clark.
1054 2961 1080 3026 et
1098 2954 1261 3028 Wessellng.

215 3057 240 3109 p.
256 3041 319 3097 756.
362 3037 397 3094 At
420 3052 485 3091 vcro
510 3041 588 3091 istun
611 3051 719 3094 uersunr
740 3053 757 3091 a
782 3038 856 3092 nullo
879 3045 997 3094 ueterum
1017 3039 1056 3094 ibi
1075 3042 1171 3096 lectum
1190 3058 1259 3108 esse,

212 3130 283 3178 toste
307 3127 410 3178 vincant
430 3129 488 3177 tota
508 3121 619 3176 cohorte
638 3119 891 3186 Grammaticorum,
921 3127 966 3196 qui
985 3131 1141 3180 constanter
1161 3132 1188 3180 et
1206 3144 1259 3182 uno

217 3223 265 3262 ore
293 3209 462 3278 praecipiunt
485 3207 517 3262 dc
544 3208 631 3278 ligura
655 3204 862 3276 ἐπαναλήψεως
878 3223 902 3260 s.
920 3211 1120 3280 nntrtlcytnr:
1150 3208 1210 3266 Ὅτι
1229 3214 1260 3268 ἐν

214 3288 311 3344 Ἰλιάδι
344 3298 468 3362 συνεχῶς
500 3298 574 3352 ταῖς·
593 3289 793 3358 inunctionem-e
812 3295 967 3365 Δκέχρηται,
1001 3294 1034 3350 ἔν
1058 3311 1087 3348 τε
1109 3293 1260 3364 Ὀδυσσείᾳ

214 3375 327 3440 ἅπαξ,
353 3397 379 3430 α.
400 3384 441 3434 23.
466 3380 618 3437 Albiones
635 3387 669 3415 -ss
690 3393 711 3434 t.
729 3375 828 3432 soboli.
852 3382 879 3442 et
898 3375 971 3432 Eust.
997 3377 1032 3431 ati
1057 3379 1087 3433 lt
1114 3383 1134 3442 ζ.
1152 3383 1212 3439 154.
1235 3401 1260 3438 υ.

213 3468 273 3520 372.
292 3467 341 3516 etc.
377 3459 511 3514 Notarunt
529 3459 580 3514 boc
597 3477 703 3532 quoqne
720 3461 805 3532 intpp,
822 3464 850 3514 in
867 3460 1042 3516 Aristarcbeo
1063 3463 1179 3539 llcmero
1197 3480 1259 3519 ver-

213 3551 267 3603 sati
284 3543 468 3602 Masoretbica
488 3559 566 3612 cura,
591 3552 720 3602 notarunt
737 3547 802 3622 boc,
828 3548 952 3616 inquam,
977 3548 1005 3600 ni
1025 3547 1122 3616 fallor,
1149 3555 1261 3619 propter

213 3625 455 3704 redemptio
466 3648 565 3696 ντας,
588 3637 634 3704 qui
651 3649 706 3690 nou
722 3631 886 3704 spernebant
902 3635 1157 3700 argumentatione,
1181 3651 1261 3706 quum

214 3721 346 3788 grauiora
369 3721 548 3785 suppeterent.
596 3717 718 3771 Ceterum
742 3732 818 3771 nemo
844 3715 950 3784 rideat,
979 3731 1027 3772 eur
1050 3718 1137 3777 Barn
1154 3735 1261 3778 uersum

215 3803 341 3860 babuerit
362 3803 542 3856 uenenarium
562 3801 599 3852 cb
618 3805 805 3857 oeconomicus.
839 3803 896 3866 Au,
926 3807 955 3856 ut
972 3805 1070 3856 iterato
1089 3801 1190 3858 Phemii
1208 3820 1260 3858 nu-

218 3891 290 3943 mine
311 3893 396 3958 poeta
414 3899 464 3940 nos
483 3892 586 3940 mature
604 3885 719 3941 adducat
736 3886 771 3940 ad
788 3887 999 3942 misericordiam
1017 3891 1153 3952 cantoris,
1184 3903 1260 3958 quern

215 3977 336 4043 imperiis
361 3977 649 4042 procorumcoactum
664 3974 800 4030 cecinisse
825 3973 921 4028 dicit?¹
953 3973 1076 4038 Scilicet,
1105 3973 1152 4026 ἵνα
1180 3977 1261 4045 σωθῇ

215 4057 248 4114 ἐν
266 4063 299 4128 τῇ
314 4060 585 4127 Μνηστηροφονίᾳ,
603 4061 633 4109 ut
650 4059 688 4109 ait
705 4056 746 4111 br.
764 4054 854 4115 Schol.
890 4057 1150 4114 llemoecuuomiam
1162 4063 1261 4127 poetae

215 4147 243 4194 et
260 4149 342 4218 ausos
362 4138 570 4197 Graeculorum!
671 4186 677 4199 s

143 4241 194 4305 46)
213 4239 293 4294 Certe
322 4255 356 4294 ex
383 4240 570 4308 recognitione
594 4237 640 4304 rel
660 4241 752 4307 potius
770 4253 810 4294 cx
831 4227 937 4296 lubrica
964 4229 1152 4306 Galliatbeniass,
1185 4256 1262 4311 quern

214 4337 298 4394 supra
325 4337 383 4380 curu
411 4323 735 4393 Aristotelefiunnimus,
767 4323 896 4382 laudatur
917 4340 1012 4383 uersus
1039 4339 1056 4380 a
1079 4323 1169 4380 snut.
1201 4321 1260 4380 ΧΠ.
