2944 4900
212 263 257 330 40
601 261 980 332 rnotntoottitta.

217 460 247 516 et
268 452 467 536 Theophrasti
485 451 682 517 celeberrimis
704 451 775 514 olim
794 449 878 528 Iihris
898 457 927 512 et
947 449 1168 516 collectionibus
1185 443 1226 526 31)
1250 449 1381 532 scriptus

217 555 336 626 Ionibus
357 555 405 618 rel
422 556 566 620 Aeolibus
578 555 660 636 leges
681 553 830 618 recenseri
847 552 1003 628 uidissent,
1026 563 1095 617 aute
1105 554 1248 616 Pittaousr
1265 551 1381 632 Olpup.

219 655 350 721 XLVIII.
378 657 469 732 latas,
499 663 583 722 usito
609 658 789 738 antiquitatis
817 659 928 738 peritus
948 665 1047 737 putet,
1076 657 1107 719 id
1132 675 1184 720 eos
1205 661 1286 718 tanto
1310 671 1383 716 eou-

222 779 311 828 sensu
323 762 561 835 transmissuros,
581 779 636 824 nen
657 778 734 824 noro
754 759 1011 825 uanius-iudieem
1026 779 1109 826 snum
1123 767 1264 828 ,austures
1278 756 1383 818 inisse.

223 862 270 928 Iirr
294 883 353 945 quo
375 863 565 942 intelligitur,
588 881 624 926 ee
644 863 754 936 omnia,
783 879 860 941 quae
881 869 940 924 tarn
961 880 1016 944 pro
1037 863 1152 942 legibus
1175 869 1293 935 urent,
1320 859 1385 920 sire

224 959 335 1045 νόμοι,
359 967 420 1030 sire
443 957 583 1044 inormi,
614 967 675 1031 siue
697 963 810 1048 ῥῆτραι
832 965 1029 1039 rotabantur,
1059 961 1193 1029 in‘Iouiu
1213 972 1242 1026 et
1263 962 1387 1026 nunna

228 1066 353 1132 Graecia
373 1086 432 1132 non
449 1067 535 1130 aliter
553 1068 676 1149 uulgata
697 1085 778 1141 esse,
799 1083 888 1147 quarn
905 1069 1194 1151 epidaurium,
1217 1063 1387 1127 Aristotelis

228 1177 339 1244 aetate,
366 1179 454 1251 atque
477 1181 565 1235 antea
585 1173 662 1257 apud
692 1172 845 1234 Cretenses
874 1180 902 1234 et
923 1172 1186 1245 Lacedaemonios,
1214 1187 1288 1250 quos
1317 1167 1388 1229 huia

228 1273 273 1334 rei
301 1270 386 1336 etiam
416 1281 530 1337 saumas
562 1282 591 1336 et
615 1275 739 1337 musicos
769 1274 870 1344 nodos
908 1275 1076 1340 adhibuisse
1104 1279 1228 1336 onustat
1285 1269 1391 1332 Primi

234 1375 426 1437 Graecorum
455 1380 590 1438 omnium
613 1379 737 1460 scriptas
764 1377 846 1456 loges
869 1385 1044 1464 acceperuut
1066 1375 1162 1438 Locri
1185 1375 1393 1458 Epizephyrii

181 1480 217 1536 68
234 1497 254 1540 a
276 1475 414 1539 Zaleuoo
431 1473 490 1554 32),
513 1499 596 1560 quem
619 1480 761 1543 Eusebius
781 1483 864 1562 pouit
885 1481 1036 1548 florentem·
1056 1479 1166 1562 Olymp.
1186 1477 1298 1541 XXIX.
1318 1484 1391 1538 ante
1470 1551 1471 1562 χ

176 1659 178 1664 ¹
235 1577 303 1642 Ghr.
325 1583 388 1642 aot
410 1599 457 1642 aa.
481 1583 524 1645 70
546 1591 612 1644 aute
634 1583 780 1648 Solonem.

277 1897 326 1966 ar)
341 1895 410 1952 vate
429 1895 510 1954 Fata
528 1896 559 1954 Β.
579 1895 626 1954 Gr.
649 1899 681 1956 L.
706 1900 751 1956 111.
778 1917 800 1960 o.
827 1910 852 1958 7.
879 1915 906 1972 i:
928 1903 987 1958 rot.
1007 1904 1034 1953 et
1054 1913 1075 1951 c.
1092 1902 1119 1956 9.
1137 1907 1164 1966 p·-
1183 1896 1244 1950 251·
1287 1891 1393 1950 outtro

340 1981 440 2035 similia
454 1997 538 2052 opero
552 1985 666 2040 aliorum
684 1985 718 2040 do
734 1986 840 2057 legibus
855 1983 966 2040 Graeuis
984 1989 1011 2038 et
1025 1995 1116 2037 sarua
1134 1979 1283 2044 tatoribus,
1303 1982 1394 2035 uiuus

341 2065 620 2144 transmeatione,
646 2077 774 2143 tanquam
795 2069 968 2137 cathinensi,
997 2067 1148 2130 Heraelidis
1174 2064 1295 2143 Iontioi,
1322 2064 1394 2122 IIer-

233 2182 239 2186 -
341 2153 424 2220 rurippi
444 2157 494 2206 eto.

225 2247 229 2252 ’
280 2233 328 2302 32)
347 2229 404 2288 Etsi
429 2232 481 2289 duo
509 2243 611 2293 tanturn
631 2241 722 2295 idonei
750 2247 875 2296 auctores
902 2244 1007 2294 exstant
1031 2237 1109 2292 Iruius
1137 2235 1237 2300 saeuae,
1263 2235 1396 2306 Soymnus

243 2341 247 2345 ·
343 2317 449 2389 Poriug.
469 2321 528 2378 ³13.
564 2325 663 2380 Strabo
678 2325 726 2381 VI.
745 2342 771 2392 p.
788 2327 863 2389 259„
886 2339 943 2378 earu
962 2332 1051 2378 tamon
1068 2325 1131 2377 oiim
1149 2324 1396 2377 constantissimam

344 2402 429 2457 tuisse
445 2403 545 2460 eIarnnr
563 2416 604 2463 est
621 2425 654 2463 ex
668 2407 758 2464 uerbis
772 2412 907 2478 usuratu,
926 2415 955 2463 nt
974 2408 1041 2462 nihil
1061 2407 1134 2464 atiud
1149 2407 1250 2478 legisse
1269 2407 1398 2462 uideatur

346 2487 441 2558 cinero
459 2489 488 2545 iu
507 2492 601 2559 fibris,
620 2509 688 2566 quos
702 2497 790 2564 tangit
804 2494 837 2547 ed
851 2495 904 2548 Ait.
922 2493 973 2559 vl,
994 2503 1018 2551 1.
1051 2492 1171 2564 Augetur
1184 2505 1261 2564 qaam
1280 2497 1397 2549 maxime

345 2574 450 2644 pondus
468 2574 546 2632 leuius
565 2573 735 2636 austeritatis
748 2584 879 2634 communi
897 2580 991 2634 roorbo
1008 2577 1185 2654 Graecorum,
1204 2594 1280 2648 quent
1300 2581 1397 2649 paullo

346 2668 408 2714 anto
428 2664 455 2714 in
473 2659 576 2733 Gorgia
593 2655 693 2718 notavi
707 2672 733 2722 et
751 2683 832 2736 saepe
851 2667 927 2720 alibi.
969 2661 1124 2734 Quicunque
1149 2665 1218 2738 eninr
1245 2665 1300 2718 ulto
1325 2670 1399 2718 tem·

346 2761 414 2816 pore
435 2746 590 2800 claruerant
606 2747 713 2818 Iegihus
730 2753 864 2818 terendis,
884 2751 977 2806 eodem
993 2764 1084 2801 omrros
1099 2748 1158 2802 loco
1177 2749 1210 2804 ab
1226 2749 1280 2802 IIIis
1299 2747 1400 2804 haberi

345 2831 483 2884 sotebant:
507 2835 586 2884 etiarn
602 2833 718 2899 rasurae,
739 2837 820 2890 ceres
835 2831 1038 2908 θεσμοφόρος,
1057 2831 1253 2902 Triptolemus·
1266 2833 1399 2902 Cecrops,

346 2929 401 2966 non
429 2922 599 2984 spernuntur.
648 2917 724 2973 Atius
756 2922 784 2972 iu
801 2919 862 2972 'huo
888 2915 1119 2990 quoquegenere
1144 2933 1176 2974 err
1202 2919 1400 2974 cousuetudine

347 2999 431 3067 puiset
455 3001 515 3052 aevi
541 3007 697 3069 congestum
724 3009 765 3057 est
789 3005 977 3072 iusiugqus,
1009 3004 1080 3075 quoti
1108 3020 1163 3058 uon
1191 3007 1269 3058 unius
1295 3008 1401 3061 aetatis

348 3083 453 3148 Inerat,
474 3082 516 3136 vel
530 3090 656 3139 mutatura
674 3093 701 3141 et
719 3087 863 3157 expolitum
883 3097 942 3143 erat
956 3087 1051 3144 studiis
1067 3089 1180 3159 plurium
1196 3091 1280 3146 uariis
1298 3088 1401 3144 modis.

270 3221 274 3226 .
346 3167 444 3222 Annon
463 3166 628 3223 hostiarium
657 3178 698 3227 est
724 3175 751 3226 in
778 3171 870 3228 Minoi
898 3173 1035 3248 Cretera,
1064 3178 1091 3228 iu
1118 3173 1259 3244 Lycurgo,
1285 3175 1348 3228 Item
1371 3177 1402 3228 in

347 3253 446 3312 Mosei
472 3251 620 3323 Soripsisse
637 3263 723 3312 autem
743 3259 824 3330 rotgo
844 3259 1021 3314 tradebantur
1033 3259 1073 3312 1111
1084 3275 1201 3324 »οιοηοε,
1220 3273 1270 3314 neo
1283 3259 1403 3314 otariori

243 3333 247 3356 ”
347 3337 550 3393 huot-historiae
570 3341 700 3398 sedebant
720 3343 835 3398 tabulae.
872 3343 914 3398 lta
934 3343 1055 3398 Clemens
1074 3343 1170 3397 Siron.
1190 3341 1211 3396 I.
1237 3359 1262 3411 p.
1280 3345 1343 3398 309.
1364 3343 1399 3398 Α.

348 3427 479 3484 zarieaeo,
497 3425 583 3489 primo
600 3429 686 3494 iopam
701 3431 784 3481 latori
801 3433 927 3499 (proprie
947 3432 987 3482 sio
1000 3430 1120 3500 appellat
1139 3443 1213 3492 euos,
1236 3429 1280 3498 qui
1294 3429 1404 3498 primus

349 3508 512 3572 scripserat:
539 3511 651 3578 ,priores
676 3515 766 3580 potius
785 3511 944 3567 edueatores
963 3517 1059 3568 oinium
1085 3529 1192 3568 suorum
1220 3517 1247 3565 et
1271 3511 1403 3567 modora-

346 3594 423 3642 tores
443 3589 581 3658 turrano:
617 3592 738 3648 Minoam
760 3597 809 3649 tati
826 3596 905 3651 nodo
925 3601 1054 3668 apponit,
1076 3606 1106 3653 ut
1124 3603 1148 3653 is
1165 3606 1182 3656 7
1200 3596 1318 3652 saeoutis
1334 3603 1405 3652 ante

348 3687 405 3726 rem
427 3673 537 3730 eandem
557 3675 654 3733 ieoisse
671 3679 819 3734 censendus
838 3685 881 3736 sit.
925 3681 1018 3752 Neque
1045 3683 1174 3738 Clementi
1199 3686 1295 3735 sueton
1315 3681 1406 3753 longe

347 3758 516 3828 quaerendus
535 3767 602 3816 enat.
647 3762 713 3818 Nam
739 3767 767 3818 tu
785 3763 855 3821 oter.
876 3766 1016 3821 Platonico
1036 3785 1061 3838 p.
1081 3765 1200 3824 atu-C.
1227 3766 1328 3822 diserte
1346 3771 1406 3822 tri-

346 3841 464 3896 buunihr
478 3841 566 3899 Minoi
583 3845 672 3920 νόμοι
690 3850 722 3904 tv
738 3853 856 3920 χαλκοῖς
875 3857 1087 3924 γραμματείοις
1105 3851 1313 3925 γεγραμμένοι.
1347 3850 1407 3912 Qut

246 3983 250 3990 ,
345 3927 438 3990 Ioues,
471 3933 563 3984 uosoio
591 3933 744 4002 quomodo,
772 3937 851 3987 etiarn
880 3941 1033 3990 nostrorum
1057 3942 1207 4006 temporum
1234 3936 1407 3994 iustissimis

336 4011 415 4086 ‘sitin
435 4010 523 4066 fraudi
542 4015 606 4078 tuit,
625 4033 704 4087 qunru
723 4017 873 4072 sirniIiituus
888 4023 916 4072 in
930 4021 1023 4077 eodeni
1039 4023 1169 4092 opusculo
1184 4021 1408 4075 aiiusuemiuern

347 4093 528 4149 oomnrorerit.
565 4096 675 4154 Sotiioot
692 4101 784 4154 eorieus
802 4107 871 4157 teste
888 4105 1034 4174 tragoedia
1052 4121 1084 4161 ex
1103 4105 1253 4176 Thospitis
1269 4111 1296 4160 et
1313 4103 1407 4175 I'Itry-

344 4175 419 4230 uiohi
439 4183 528 4234 aetate
547 4181 582 4235 ad
600 4181 703 4238 Minois
717 4185 880 4241 retrahenda
904 4195 963 4242 erut
983 4195 1010 4242 ot
1028 4188 1191 4246 sttuueutuu
1208 4181 1244 4244 tis
1266 4190 1409 4253 omuibus,

347 4262 393 4330 qut
419 4261 560 4340 IIooronnru
587 4268 669 4322 mutto
697 4273 876 4342 antiquiorem
900 4275 1047 4344 tragoedis
1075 4275 1205 4334 iecerunt.
1245 4271 1280 4328 at
1305 4273 1408 4330 doetus
