2976 4900
512 321 885 402 rnurnabcmanl.

555 663 557 668 .
672 591 721 674 ll.

222 771 304 835 Nunc
333 769 416 833 uobis
445 789 520 831 nunnus
542 777 633 832 restat
655 789 671 832 a
695 767 809 832 Criticls
833 773 1040 851 nobilioribus,
1070 775 1171 840 Crates
1193 781 1272 843 hlal-

119 879 207 951 lotes,
229 879 279 958 qui
300 897 318 938 a
335 873 480 952 singulari
500 873 595 935 strulio
616 874 903 955 poetaellcmericus
922 878 1087 953 dictumest,
1111 883 1271 945 Aristarchi

118 981 192 1042 idem
220 979 349 1041 aemulus
378 985 406 1037 ct
436 976 623 1039 aduersarius
652 979 810 1040 acerrimus
827 973 880 1058 ⁴⁵³).
946 981 973 1041 ls
1002 982 1129 1044 scholam
1159 986 1272 1048 ridetur

120 1083 283 1145 condidisse
317 1078 466 1156 Pergami,
504 1078 622 1141 similem
648 1079 869 1158 Aristarcheae,
910 1099 963 1144 nec
1002 1085 1093 1145 minus
1129 1086 1272 1148 celebrem

119 1187 267 1268 discipulis
283 1179 335 1258 filt).
380 1181 452 1242 Nam
472 1189 502 1242 ut
525 1181 561 1242 ab
586 1181 781 1266 Aristophane
802 1191 868 1245 sunt
891 1185 1113 1266 Aristophanei,
1148 1190 1184 1250 ab
1204 1192 1272 1253 Ari-

118 1287 234 1350 starcho
262 1285 456 1360 Aristarchei,
490 1285 533 1345 ita
562 1284 689 1346 Gratetei
716 1285 902 1366 appellantur
930 1287 1077 1363 nonnrrlli,
1112 1291 1216 1370 quihus
1243 1302 1271 1356 et
1288 1302 1340 1356 att

119 1392 189 1473 ipsis
225 1388 444 1451 aemulationem
481 1395 510 1447 et
547 1387 703 1448 certamina
737 1389 896 1467 reperimus
929 1387 1019 1450 luisse
1050 1409 1112 1452 cum
1141 1395 1272 1459 Aristar-

119 1495 197 1556 cheis
212 1486 264 1568 ⁰⁵).
312 1490 469 1568 Postquam
496 1488 570 1548 enim
599 1495 685 1567 reges
715 1489 891 1551 animosiore
921 1491 1017 1552 studia
1045 1493 1217 1574 expulerant
1235 1515 1272 1560 ex

119 1595 281 1657 ciuitatibus
304 1593 495 1664 Graecorum,
527 1609 608 1652 amor
636 1591 848 1652 contentionum
876 1590 905 1651 in
931 1593 1045 1655 scholas
1066 1595 1222 1662 Rhetormn
1244 1610 1272 1664 et

120 1697 375 1758 Grammaticorum
396 1694 546 1770 migrauit,
575 1700 616 1765 et,
646 1694 686 1752 uti
709 1693 777 1754 olim
798 1693 833 1756 de
856 1696 1019 1777 principatu
1039 1700 1069 1759 in
1091 1703 1271 1782 republica,

12 1867 13 1870 Ἴ
118 1801 160 1860 ita
187 1817 261 1860 nuuc
290 1797 327 1858 de
356 1797 548 1874 grammaticis
579 1793 808 1873 quaestiunculis
836 1799 1007 1876 grauissime
1027 1801 1103 1863 inter
1125 1820 1156 1863 se
1178 1812 1272 1866 certa-

12 1981 13 1988 *
119 1910 196 1964 runt.
248 1903 292 1963 Ac
322 1899 435 1961 uidetur
456 1899 571 1978 quidem
594 1897 697 1960 Grates
718 1899 887 1964 Aristarcho
908 1919 1009 1982 parum
1031 1904 1154 1964 cessisse
1174 1906 1273 1967 existi·

12 1995 13 2006 ¹
121 2006 246 2067 mationa
274 2001 456 2082 aequalium,
486 1999 593 2081 quiippe
623 2002 672 2080 qui
695 2015 757 2061 curm
779 2000 831 2060 illo
851 2001 880 2060 in
904 2005 1073 2085 coryphaeis
1095 2005 1178 2066 hairus
1202 2009 1273 2069 artis

119 2099 358 2183 numerorum),
385 2113 546 2182 nonamque
572 2101 697 2181 gloriam
727 2101 841 2164 duxerit
868 2121 903 2165 ex
927 2124 978 2181 eo,
1007 2107 1085 2188 quod
1115 2107 1274 2173 doctrinam

120 2213 281 2274 litterarum
301 2209 410 2290 primas
432 2205 550 2287 pertudit
571 2203 609 2266 ad
629 2197 845 2281 Romanos'ffl).

156 2528 205 2597 63)
223 2525 320 2582 Surdas
340 2541 413 2580 vccc.
430 2521 544 2597 Κράτης
562 2531 589 2578 et
605 2522 807 2600 Ἀρίσταρχος,
849 2524 901 2579 lllo
920 2525 980 2578 leco
1001 2527 1026 2578 ei
1045 2524 1172 2580 tribuitur
1192 2528 1272 2602 derip-

226 2618 318 2670 θωσις
342 2607 461 2668 Ἰλιάδος
485 2611 532 2660 καὶ
554 2606 720 2670 Ὀδυσσείας
739 2609 770 2664 tn
787 2603 966 2676 pupiltos-eff,
992 2611 1039 2660 aral
1059 2607 1137 2666 ἄλλα.
1183 2612 1212 2668 ln
1232 2615 1274 2668 his

227 2692 324 2753 ἄλλοις
343 2693 464 2756 inerunt,
494 2697 523 2744 ut
543 2693 657 2760 opinor,
684 2693 763 2762 plara
780 2693 814 2746 ad
832 2693 973 2750 historiam
993 2701 1019 2750 et
1038 2693 1186 2750 doctrinam
1207 2705 1273 2768 pod-

227 2786 314 2833 tarum
339 2780 518 2852 pertinentia,
545 2782 662 2846 etopus
687 2780 755 2849 περὶ
783 2783 831 2842 τῆς
854 2773 987 2846 Ἀττικῆς
1012 2777 1162 2834 διαλέκτου
1184 2799 1205 2836 s.
1226 2787 1274 2836 tt-

227 2868 308 2928 ξεως,
337 2867 410 2918 cuius
431 2867 549 2934 quiritum
568 2860 663 2916 librum
684 2864 782 2914 excitat
799 2860 894 2917 Athen.
912 2861 957 2916 xl.
978 2880 1001 2934 p.
1017 2867 1076 2923 497.
1095 2864 1124 2919 l’.

157 2965 205 3034 64)
224 2963 375 3033 Scripserat
395 2961 427 3017 de
448 2976 481 3016 aa
500 2960 666 3015 Ptolemaeus
686 2960 811 3016 Ascalon.
832 2962 863 3017 tn
882 2965 922 3031 τῷ
940 2965 1007 3035 περὶ
1027 2969 1075 3027 τῆς
1095 2971 1275 3040 Κρατητείου

229 3053 364 3119 αἱρέσεως
385 3047 456 3105 laud.
474 3050 501 3100 in
522 3045 610 3100 Schol.
630 3046 664 3100 ad
683 3065 709 3116 γ.
730 3049 787 3102 155.
830 3047 871 3101 Ad
890 3047 1006 3102 eiusdem
1026 3049 1135 3106 sunlnolaa
1154 3055 1211 3108 sira
1231 3070 1274 3108 se-

229 3141 288 3189 ctae
313 3136 500 3188 auctoritatem
528 3135 605 3184 unica
625 3131 715 3185 resero
736 3129 802 3191 τοὺς
824 3133 854 3186 ta
879 3131 1085 3205 Περγάμου
1108 3141 1275 3207 Γραμματι-

230 3216 311 3281 κούς,
340 3223 366 3270 at
390 3212 457 3274 τοὺς
479 3213 754 3287 Περγαμηνοὺς
781 3221 902 3272 nivosae
928 3217 1082 3287 (cotolopos
1104 3221 1277 3275 classicorum

228 3301 403 3370 scriptoram)
423 3299 493 3369 apud
511 3299 620 3369 bromo.
640 3299 699 3353 llal.
719 3300 752 3358 Τ,
771 3297 801 3352 V.
821 3300 912 3358 Raish.
933 3317 957 3371 p.
978 3305 1038 3358 630.
1057 3303 1125 3368 661,
1151 3304 1197 3358 ubi
1215 3305 1275 3376 Syl-

228 3391 307 3458 hnrg.
327 3388 395 3441 male
416 3385 555 3456 cogitabat
574 3385 607 3440 da
624 3383 791 3440 Aristarcho.

160 3489 209 3558 65)
227 3487 260 3542 llt
278 3486 412 3542 Herodlco
430 3483 524 3554 Babpl.
544 3483 577 3538 da
597 3500 649 3555 quo
671 3499 694 3537 v.
711 3482 782 3538 lons.
802 3483 829 3536 S.
844 3481 874 3536 ll.
895 3481 923 3537 P.
937 3479 971 3548 ll,
992 3489 1033 3548 15,
1047 3487 1071 3542 6.-
1092 3484 1276 3540 conh‘Scholl.

232 3573 266 3627 ad
290 3592 315 3628 ν.
335 3578 376 3631 29.
400 3591 426 3625 v.
446 3573 504 3632 55,
531 3571 555 3624 si
580 3569 658 3622 modo
684 3567 728 3622 hic
751 3568 820 3622 idem
841 3574 882 3622 est
901 3567 1063 3633 llercdicas,
1091 3569 1213 3624 diversus
1231 3572 1277 3626 ille

233 3655 338 3728 quidem
360 3658 394 3711 ab
415 3655 546 3711 Herodico
566 3654 742 3725 Selybriano,
761 3661 825 3708 noto
845 3653 966 3720 modico,
987 3675 1004 3709 ι.
1019 3655 1079 3710 453.
1100 3657 1124 3712 t.
1143 3658 1203 3713 515.
1239 3655 1278 3710 De

234 3740 374 3795 Zenodoto
402 3741 527 3795 Crateteo
555 3740 632 3792 attali
652 3741 838 3793 coniecturam
863 3745 945 3793 meam
971 3755 997 3809 p.
1017 3744 1074 3800 199.
1119 3740 1278 3796 Tauriscum

234 3826 309 3880 addit
324 3826 420 3880 Sextus
435 3823 533 3894 Empir.
552 3837 574 3876 c.
589 3822 673 3876 Math.
690 3822 709 3886 Ι,
726 3826 785 3880 ale.
805 3823 984 3877 Alexandrum
1000 3821 1194 3894 Polyhlstorem
1206 3827 1278 3886 siit.

235 3911 269 3965 T.
289 3909 310 3965 l.
334 3928 359 3981 p.
380 3913 438 3966 104.
474 3909 575 3963 Contra
600 3907 743 3962 laudantur
769 3906 832 3961 libri
851 3907 973 3977 Dionysii
992 3905 1106 3963 Thracis
1126 3916 1153 3964 et
1170 3909 1279 3966 Parme-

233 3998 301 4048 nisci
321 3993 396 4068 πρὸς
413 3990 560 4066 Κράτητα,
586 3995 714 4046 adamans
734 3991 792 4059 Cr,
820 3990 853 4044 ad
871 3996 899 4042 θ.
918 3994 977 4046 513.
1003 4013 1022 4046 ι.
1041 3991 1102 4050 460,

165 4093 215 4162 66)
233 4093 332 4148 Strabo
352 4091 373 4147 Ι.
394 4108 417 4162 p.
437 4097 477 4148 30.
499 4091 570 4160 (54.)
597 4093 693 4146 Sextus
712 4089 812 4160 Empir.
830 4089 851 4156 Ι,
869 4092 910 4146 44.
961 4109 965 4116 ·

164 4192 212 4260 67)
233 4192 342 4246 Sueten.
370 4190 403 4244 de
426 4190 465 4242 ill.
486 4187 599 4260 Granum.
628 4207 648 4247 c.
667 4197 690 4246 2.
716 4190 762 4243 uhi
786 4195 946 4244 memoratus
972 4185 1078 4244 Attalus
1104 4185 1175 4244 hand
1201 4179 1280 4246 dubie

236 4281 277 4330 est
288 4274 320 4332 ll.
336 4277 495 4345 cogrrcraina
509 4272 715 4345 Philadelphus,
736 4277 781 4345 qui
797 4274 922 4345 Pergami
940 4277 1029 4344 coepit
1048 4287 1163 4345 regnare
1179 4273 1279 4344 olymp.

236 4357 311 4421 clv,
331 4367 355 4415 2.
376 4358 407 4413 A.
428 4358 457 4414 ll.
478 4357 507 4412 C.
526 4358 627 4416 cxcv.
