2944 4900
470 271 840 342 rnotooombtta.
1207 273 1252 342 43

106 461 235 546 portabili
248 461 368 530 materia
388 461 628 529 adscribendum
648 464 695 525 osi
709 471 807 539 erant,
829 464 872 526 nti
890 465 955 546 ipse
972 463 1066 528 Solon
1085 466 1115 526 in
1135 465 1250 545 legibus

67 646 70 652 Ι
107 569 168 631 suis.
226 566 322 628 Multo
354 566 446 626 minus
478 567 509 627 in
539 567 615 629 bunc
642 587 789 630 numerum
813 568 922 630 admitti
948 568 1042 650 potuit
1068 568 1250 650 Hipparchus

106 679 216 752 propter
243 671 348 734 breues
378 650 534 732 sententias
563 678 592 731 ct
619 679 777 752 praecepta
805 688 931 746 morum,
964 689 1040 752 quae
1065 671 1091 732 is
1119 675 1161 732 70
1188 671 1251 733 lere

107 776 180 836 anob
205 781 278 856 post¹
301 773 439 844 Solonem
472 773 595 855 publicis
629 773 815 846 monumentis
849 773 1040 856 insculpenda
1070 775 1182 836 curarit
1198 768 1250 851 35).

106 876 156 938 lam
172 878 197 940 si
212 877 286 940 noui
308 877 424 956 generis
447 876 593 938 scribendi
613 885 753 938 aructores
768 877 954 958 perhibentur
973 879 994 940 ii
1014 877 1084 951 soli,
1109 878 1160 957 qui
1174 878 1250 942 insta
1268 885 1302 942 ts

105 979 241 1042 uolumina
272 979 411 1056 condere
429 979 627 1054 instituerunt,
662 988 693 1044 ut
729 979 852 1042 Cadmus
880 978 1030 1055 Milesius,
1069 981 1249 1062 Pherecydes

106 1081 197 1162 Sprins
218 1091 251 1146 et
271 1083 339 1158 alii,
359 1082 549 1162 Pisistratidis
571 1082 727 1164 aequales,
749 1083 791 1161 (in
811 1086 867 1148 boc
888 1087 964 1148 enim
984 1085 1135 1148 manifeste
1158 1086 1248 1148 omnis

106 1188 215 1270 antiqua
236 1187 318 1248 mma
340 1185 509 1267 conuenit:)
536 1187 566 1250 id
590 1204 698 1266 magno
722 1194 766 1248 cst
787 1197 978 1268 argumenta,
1005 1189 1152 1252 librorum
1175 1209 1248 1250 coao-

103 1289 260 1369 fertionam
281 1297 311 1350 et
328 1290 409 1372 apud
429 1290 514 1355 lones
536 1298 565 1354 et
587 1287 672 1371 spuu-
690 1289 820 1369 reliquos
842 1290 970 1354 Graecos
993 1291 1049 1352 hcc
1067 1292 1134 1372 ipsa
1154 1299 1233 1353 seut

104 1391 219 1470 pu'orcm
237 1410 299 1456 uon
318 1392 420 1456 inisse.
1227 1417 1231 1422 ·

621 1658 730 1742 Xl'lll.

193 1897 344 1961 Hactenus
367 1897 494 1978 experiri
513 1895 671 1967 noluimus,
689 1893 758 1978 'qno
778 1895 1021 1976 progrederemur
1047 1896 1078 1959 in
1104 1899 1163 1968 hac
1181 1917 1252 1970 oon-

108 2002 256 2076 tronersia,
287 2000 442 2063 uniuersae
462 1999 601 2062 historiae
623 1997 791 2060 testimoniis
814 1997 965 2073 adhibitis,
995 2018 1054 2062 non
1079 2005 1252 2066 auctoritate

108 2100 212 2166 Homeri
244 2111 275 2166 et
303 2102 487 2182 antiquorum
512 2104 700 2184 interpretum
737 2100 809 2160 eius.
867 2100 949 2162 Nunc
985 2119 1042 2180 age
1066 2104 1252 2166 attendamus

108 2205 234 2281 animum,
258 2205 331 2286 quid
351 2205 461 2268 demum
482 2205 671 2278 dicissent,
691 2201 806 2264 reiectis
821 2209 931 2277 umen,
954 2204 1027 2266 sicut
1050 2223 1107 2286 par
1127 2214 1184 2281 est,
1206 2206 1252 2283 iis,

108 2307 151 2386 qui
167 2308 322 2371 uetustatis
343 2308 482 2371 incuriosi
510 2308 546 2371 de
572 2307 709 2389 operibus
731 2304 864 2381 Homeri,
893 2306 1013 2371 Hesiodi
1040 2317 1068 2370 ct
1089 2311 1254 2391 aequalium

37 2489 38 2496 p
108 2411 217 2490 perinde
246 2411 408 2492 loquuntur
433 2419 570 2492 tanquam
598 2410 634 2472 de
663 2409 812 2490 quibusvis
841 2409 924 2472 libris
952 2411 1145 2478 bibliothecae
1172 2433 1255 2490 snae,

37 2511 38 2524 ¹
106 2513 150 2574 rel
162 2513 309 2578 scribendi,
320 2515 464 2600 pocabnlo
480 2523 598 2578 utunturr
617 2513 735 2593 uulgari
749 2519 850 2574 errore
870 2513 942 2588 stili,
964 2531 1023 2576 non
1038 2518 1125 2578 animi
1137 2518 1255 2581 iudicio.

37 2631 39 2662 t
109 2613 148 2676 lta
165 2618 228 2700 ipse
249 2617 333 2692 mihi,
363 2618 414 2698 qul
432 2608 564 2690 ἀοιδοὺς
581 2617 649 2679 illos
678 2633 736 2678 nou
759 2615 915 2697 scriptores
939 2617 991 2678 sed
1012 2609 1143 2693 ἀοιδοὺς
1163 2620 1256 2684 inissa

37 2747 38 2754 ο
110 2703 263 2798 contendo,
291 2719 379 2792 facile
403 2739 508 2804 passus
529 2721 582 2782 sim
604 2717 779 2799 quandoque
799 2716 872 2778 illud
897 2719 1017 2782 uerbum
1039 2721 1189 2796 excidere,
1219 2741 1256 2784 ue

109 2821 224 2886 alterius
252 2841 341 2906 saepe
370 2823 484 2904 repetiti
508 2823 664 2886 insolentia
685 2819 822 2885 offendat.
871 2813 926 2882 Cui
951 2823 1058 2886 rationi
1078 2825 1258 2890 subiicienda

110 2936 169 2988 sunt
187 2927 334 3010 permulta
354 2927 422 2990 loca
441 2936 583 3002 ueterum,
611 2926 716 2990 similia
736 2925 815 2998 istis,
846 2942 922 3005 quaa
942 2928 1112 3008 mentionem
1133 2931 1258 3014 scriptu-

110 3031 283 3093 raebabent
310 3031 341 3091 in
361 3029 477 3109 legibus
498 3031 642 3111 Lycurgi,
670 3047 744 3112 quas
771 3039 855 3090 nemo
884 3029 985 3093 doctus
1016 3033 1084 3094 olim
1113 3035 1258 3115 scriptura

110 3131 178 3196 latas
198 3125 332 3197 credidit.
374 3131 542 3215 Eodemque
562 3135 702 3197 referrem
714 3141 813 3208 notum
829 3132 925 3194 locum
938 3133 1128 3214 ApoHodori,
1150 3136 1181 3196 in
1201 3152 1259 3214 quo

113 3236 144 3300 dc
164 3239 294 3302 exitiosis
316 3235 375 3298 illis
387 3227 529 3299 mandatis
547 3235 646 3300 Proeti
668 3234 700 3298 ll.
721 3229 746 3310 ζ.
772 3235 841 3319 168.
857 3227 1261 3317 οοοιοοὲπισοολῆςροιιίῑ,

112 3342 277 3422 praesertim
301 3340 458 3422 quumvihi
486 3357 588 3420 parum
615 3345 712 3419 aptum
739 3335 842 3396 luisset
869 3335 977 3428 exoleti
1003 3337 1093 3398 moris
1117 3336 1261 3413 indicium,

112 3461 303 3526 cogeremque
324 3443 499 3525 ApoHodori
521 3443 577 3504 hac
597 3441 633 3504 dc
656 3457 688 3502 re
711 3437 880 3510 sententiam
912 3455 949 3501 eo
976 3438 1044 3501 loco
1064 3439 1262 3522 quaerendam
1280 3453 1323 3512 74,

152 3793 199 3864 35)
217 3792 282 3848 ttnti
297 3788 478 3864 Ἱππάρχειοι
503 3792 606 3867 Ἑρμαῖ
621 3793 683 3848 olim
703 3789 808 3862 quidem
827 3803 842 3843 e
861 3788 992 3854 Hominis,
1020 3787 1100 3845 hodie
1120 3793 1147 3844 in
1169 3793 1262 3860 prioris

217 3895 249 3936 ex
268 3881 380 3932 anctum
398 3876 530 3934 Hlatontci
548 3879 618 3935 Diui.
636 3881 681 3949 qut
699 3873 869 3946 Hipparchus
887 3875 1052 3930 inscribitur.
1091 3873 1172 3928 l’tura
1191 3891 1215 3928 r.
1234 3878 1263 3932 io

218 3964 321 4020 Menos.
340 3963 394 4017 tot.
409 3960 496 4026 Leuat.
514 3963 553 4030 V,
573 3975 597 4024 7.
617 3971 644 4019 et
661 3962 766 4020 Pisistr.
788 3971 828 4018 1¹2.
865 3961 905 4016 Ne
918 3977 984 4015 rcro
1000 3976 1032 4013 en
1051 3957 1093 4012 his
1108 3962 1279 4030 inscriptio·-

218 4053 296 4108 nibns
323 4051 455 4122 colligas,
487 4068 519 4106 co
543 4057 664 4121 tempora
696 4049 815 4118 quemvis
840 4044 952 4100 Athonis
977 4045 1069 4114 legere
1093 4045 1190 4102 scisse:
1234 4048 1265 4104 ld

219 4139 358 4208 altqnaoto
387 4142 450 4206 post
476 4139 554 4190 etiarn
583 4149 728 4206 pancorum
756 4134 805 4187 tait
836 4149 867 4186 ex
890 4133 1069 4202 ,rnagnanimts
1099 4131 1266 4204 (lecropidts.

221 4224 368 4279 Potuerunt
385 4227 473 4275 tamen
492 4223 511 4274 n
530 4219 563 4274 ad
581 4219 733 4276 discendum
752 4221 860 4272 inuitari
875 4218 922 4272 illo
938 4219 1077 4282 instituto,
1095 4233 1148 4274 non
1163 4223 1265 4290 peloro,

223 4313 335 4380 opinor,
355 4309 537 4366 elementariis
556 4307 656 4362 libellis
673 4305 783 4358 uostris.
851 4307 852 4312 ’
1050 4299 1053 4307 ‘
