2944 4900
396 325 398 332 ⁴
487 331 858 402 Paohhnomnrtn,
1204 343 1248 409 29

105 517 223 580 colorari
247 534 304 580 non
323 519 427 600 ,possit
448 520 617 584 ratiunculis
646 523 816 602 qurihusdam
842 531 870 586 et
899 522 1060 588 simulacris
1086 529 1247 609 probahili-

104 621 178 694 tatis,
206 621 230 680 si
251 621 336 700 modo
363 629 521 702 temporum
547 623 675 686 rationes
698 632 726 685 et
749 635 905 690 auctorum
923 628 1007 692 tidem
1027 629 1067 692 ad
1086 619 1197 694 lihitum
1218 643 1247 697 et

105 723 242 800 ingenium
263 730 341 784 tuum
364 723 478 803 fingas·
515 723 635 787 Mirum
655 735 730 804 est,
749 728 843 808 inquit
863 729 988 806 Plinius,
1003 752 1078 814 ἱᾳιιο
1094 737 1249 815 procedat

109 825 220 890 Graeca
242 825 430 888 credulitas:
467 828 588 890 maldam
609 835 673 888 tum
693 831 856 910 impudens
870 833 1066 900 mendacium
1080 843 1142 916 est,
1164 839 1247 919 quod

96 936 172 988 vteste
193 935 310 992 careal

626 1141 706 1230 Xll.

193 1332 258 1394 Non
279 1332 376 1414 placet
398 1335 521 1398 historia
542 1309 594 1410 du
614 1339 698 1402 modo
721 1321 864 1402 ementita.
907 1341 1001 1421 Igitur
1014 1344 1155 1406 mittamus
1175 1345 1245 1408 iulsi

105 1435 242 1498 Herodoti*
259 1435 422 1510 Pheminm,
451 1435 575 1498 lliodori
603 1446 631 1500 et
657 1439 781 1504 aliorum
808 1439 1007 1521 Prouapiden,
1035 1447 1244 1511 commenticios

104 1539 206 1600 llomeri
230 1531 632 1618 γραμματοδιδασκάλους,
672 1551 734 1604 curu
761 1542 837 1603 ludis
868 1545 927 1604 suis
957 1543 1114 1627 librisque,
1149 1556 1178 1610 et
1208 1567 1244 1612 ea

104 1659 308 1722 expromamus,
333 1657 409 1718 quae
430 1657 484 1700 nos
507 1640 701 1708 adducant-et
722 1663 815 1726 prope
835 1656 958 1727 cogant,
986 1656 1034 1722 ut,
1048 1673 1051 1680 ¹
1063 1649 1174 1712 etiaumi
1194 1650 1242 1713 lit-
1260 1658 1295 1713 50

103 1753 171 1806 torae
190 1751 260 1814 anto
281 1741 435 1814 Homerum
456 1742 486 1802 in
511 1742 661 1804 Graeciam
685 1745 857 1826 importatae
872 1759 981 1812 ‚essent
1003 1767 1117 1826 omnes,
1141 1759 1244 1815 ‘tamen

103 1845 257 1908 facultatem
280 1852 308 1906 ct
329 1863 412 1920 usuum
433 1861 531 1909 earnm
551 1845 700 1924 usquead
720 1847 803 1911 initia
821 1851 1022 1935 olympiadum
1049 1853 1112 1914 iere
1132 1855 1243 1918 uultum

103 1950 180 2014 luisse
202 1948 368 2014 ¹crestamus.
425 1945 517 2008 liuius
545 1948 590 2010 rei
616 1965 707 2011 causa
733 1953 819 2028 uobis
844 1954 1021 2016 haerendum
1048 1973 1107 2018 nou
1132 1959 1187 2021 erit
1212 1960 1243 2020 iu

104 2053 208 2116 occultis
228 2047 397 2134 primordiis
419 2039 691 2126 inconditae.artis,
716 2069 792 2132 quae
806 2053 926 2132 longam
938 2055 1160 2136 disputationem
1173 2077 1243 2140 pos-

103 2165 171 2231 cunt,
192 2176 210 2218 a
229 2153 426 2224 Phoenicum,
451 2151 677 2232 Aegyptiorum,
695 2153 920 2230 Hebraeorum,
949 2157 1117 2220 Latinorum
1138 2160 1241 2224 litteris

102 2277 150 2322 nou
167 2255 383 2337 seiungendum
438 2251 501 2314 Sed
529 2270 566 2314 ex
593 2255 673 2316 hisee
694 2257 809 2336 populis
833 2275 915 2332 enm,
943 2277 1029 2340 quem
1055 2263 1147 2342 primo
1175 2264 1242 2330 loco

42 2431 43 2454 ,
102 2363 233 2426 nommant
240 2409 250 2440 ,
273 2377 332 2421 rem
354 2355 403 2417 rel
424 2355 504 2436 apud
525 2371 557 2417 se
577 2359 720 2421 iuventam
741 2359 863 2434 uidisse,
890 2360 938 2422 rel
967 2362 1009 2423 uta
1031 2364 1194 2430 excoluisse
1216 2377 1244 2429 et

42 2481 43 2488 ¹
102 2465 133 2526 ad
156 2467 225 2530 ulios
255 2459 398 2546 populos,
426 2459 591 2522 nominatim
618 2461 760 2536 Graecos,
789 2462 959 2543 pertulisse,
988 2473 1020 2526 ut
1049 2475 1151 2530 errator
1180 2471 1241 2532 eius

102 2567 150 2630 dici
168 2575 194 2638 et
212 2567 319 2655 haberi
339 2561 452 2646 posset,
475 2571 532 2626 tum
556 2563 707 2626 admodum
726 2573 861 2628 constans
878 2565 969 2641 sama,
991 2575 1049 2628 tum
1068 2569 1135 2650 ipsa
1146 2571 1243 2650 figura
1267 2593 1272 2601 ·

101 2670 249 2734 litterarum
272 2669 448 2730 Graecarum
464 2668 567 2730 uincit.
618 2667 683 2743 Quo
715 2674 843 2747 tempore
873 2679 975 2731 alutem
999 2669 1051 2731 illa
1080 2673 1137 2737 tria
1163 2673 1243 2736 lacta

42 2819 43 2828 ,
101 2775 162 2850 sint,
181 2752 401 2837 incertissimum
423 2778 467 2832 est
479 2779 600 2852 propter
616 2777 674 2829 tam
689 2767 777 2829 multa
789 2769 916 2830 ludibria
930 2771 1104 2832 fabularum.
1147 2774 1243 2836 Teue·

101 2895 182 2940 remus
204 2874 334 2956 aliquid,
355 2874 411 2935 uisi
433 2873 538 2937 vetusti
559 2872 603 2934 illi
625 2871 781 2951 scriptores
803 2869 976 2932 Phoenicum
998 2871 1036 2932 ad
1058 2871 1190 2938 Phemius
1214 2885 1243 2938 et

101 2976 271 3060 Prouapidas
294 2975 453 3055 allegandi
474 2985 585 3050 essent,
608 2981 658 3036 aut
679 2975 705 3034 si
725 2973 786 3034 rdlo
802 2980 921 3036 auctore
943 2983 1102 3052 constaret,
1125 2979 1242 3060 quaudo

100 3081 161 3144 laec
181 3099 255 3162 gens
278 3087 307 3140 et
329 3079 376 3138 mni
388 3096 483 3140 rerum
503 3077 604 3156 generi
626 3077 796 3158 scripturam
812 3073 949 3136 adhibere
965 3080 1102 3159 coeperit.
1137 3080 1243 3147 Verum

101 3183 251 3246 huiusmodi
279 3175 388 3242 nullum
401 3200 538 3262 nsquam
567 3187 661 3242 exstat
680 3179 848 3258 uestigium,
880 3196 915 3239 ac
941 3197 978 3239 ne
1005 3180 1036 3240 in
1065 3183 1242 3244 commerciis
1301 3180 1308 3194 ’

194 3485 346 3543 huiusmodi
366 3484 570 3555 quaestionibus
590 3484 706 3534 erratum
725 3478 775 3542 stt,
795 3481 913 3550 ipsorum
933 3483 1051 3536 ueterum
1071 3481 1162 3551 plnres
1181 3481 1242 3537 inde

194 3589 211 3628 a
233 3571 362 3640 Dionysio
379 3567 467 3624 ,llalic
487 3565 598 3630 docent,
619 3565 770 3631 certiusque
790 3570 927 3620 constaret
947 3563 979 3620 de
998 3579 1030 3618 ea
1048 3581 1094 3642 re,
1115 3569 1138 3620 si
1154 3571 1243 3622 utno-

194 3675 242 3717 κες
267 3661 294 3708 et
316 3655 363 3706 alii
389 3656 477 3706 critici
502 3651 588 3706 libelli
612 3646 852 3708 Alexandrinorum
878 3653 1058 3720 superessent
1098 3649 1122 3704 h
1147 3653 1243 3723 quihus

195 3741 288 3794 moniti
313 3736 426 3808 posthac
455 3739 548 3808 optimi
571 3736 720 3803 scriptores
746 3747 828 3804 saepe
856 3733 1039 3789 dubitationes
1058 3737 1244 3806 interponens

196 3825 286 3878 solent
303 3823 335 3877 do
349 3825 510 3876 auctoritate
526 3821 671 3884 librorum,
692 3833 806 3889 quornm
820 3818 888 3872 loeis
907 3825 934 3874 et
946 3822 1109 3874 testimoniis
1124 3825 1243 3872 utuntur.

195 3910 250 3964 Sed
272 3909 373 3979 facium
390 3910 417 3963 id
439 3911 576 3962 rarissimo
599 3920 632 3959 ea
654 3908 740 3970 'oura‹,
770 3919 823 3974 qna
848 3920 917 3959 nunc
946 3908 974 3957 in
1000 3903 1043 3958 his
1067 3902 1148 3957 rebus
1175 3919 1242 3973 opus

196 4007 264 4050 esse·
277 4009 424 4048 censemus.
461 3991 671 4054 Quidam-ettam
692 3990 849 4059 simpliciter
871 3994 897 4044 et
914 3989 989 4043 nulla
1002 3989 1155 4055 suspicione
1171 3986 1242 4039 indi-

196 4085 258 4132 cata
275 4077 391 4132 aterum
408 4084 515 4134 veteres
534 4078 636 4138 libros,
656 4090 769 4145 quorum
787 4073 896 4128 fraudes
909 4074 961 4125 iam
979 4069 1074 4124 dudum
1092 4070 1242 4139 patefactas

197 4166 328 4234 aequaevi
343 4167 485 4216 testantur.
522 4159 591 4221 Quin
610 4162 690 4214 etiam
709 4163 785 4225 snut,
805 4161 850 4228 qui
869 4155 953 4210 libros
969 4157 1070 4224 passim
1084 4155 1242 4224 vulgaribus

196 4249 282 4302 titulis
306 4253 333 4302 et
357 4247 509 4301 nominibus
538 4245 674 4312 atterant,¹
698 4257 766 4313 quae
790 4242 869 4296 iidem
891 4241 972 4304 alibi,
1001 4255 1190 4312 nonnunquam
1215 4243 1243 4293 in

198 4331 291 4386 iisdem
311 4331 436 4400 scriptis,
455 4336 483 4383 nt
504 4345 613 4384 errores
631 4329 706 4398 uulgi
725 4343 757 4382 en
770 4326 905 4404 industria
923 4329 1048 4394 arguunt.
1205 4315 1208 4322 ’
