2944 4900
476 319 843 388 cacodaemone.
1191 327 1234 394 65

22 544 23 570 r
85 517 137 572 tate
159 507 308 574 commode
334 507 449 574 absolui
469 512 573 592 poturit.
623 510 658 572 ln
686 511 752 574 alim
770 511 974 588 carminibus,
999 521 1037 582 ‚ot
1060 516 1091 578 iu
1118 517 1233 580 Koro-

22 609 23 620 ’
83 607 160 695 λόγῳ
178 612 270 690 νεῶν,
292 613 324 675 in
345 604 446 692 Κόλῳ
466 605 567 696 μάχη,
589 623 679 696 artem
698 615 838 698 rhapsodi
857 625 1016 698 spectatam
1037 627 1123 700 puto,
1144 639 1232 704 prae·

83 717 172 778 sertim
198 717 229 777 in
256 715 392 794 legitimis
410 717 639 792 ‘certaminibos,
674 727 707 780 ut
737 737 800 782 oum
831 722 934 784 ceteris
963 727 1031 802 apte
1061 722 1173 785 coirent
1202 733 1232 788 et

84 819 196 899 elegans
222 813 312 903 ῥάφη
341 816 518 880 efficeretur:
559 821 590 882 in
617 838 675 902 qno
691 857 692 864 1
706 830 800 886 tamea
831 823 909 885 haud
945 823 1031 885 dabie
1059 822 1146 906 plura
1175 845 1230 909 per

82 922 192 986 saecula
213 921 285 984 nidd
305 929 415 985 certum
443 930 472 983 et
493 929 629 986 constans
651 924 720 1000 init,
749 943 836 1006 quom
862 944 911 990 res
939 925 1024 989 modo
1051 945 1072 988 a
1096 927 1171 990 loeis
1192 947 1229 994 ao

81 1025 250 1105 temporibus
284 1023 441 1098 recitandi,
479 1025 564 1088 modo
599 1027 637 1094 ab
669 1029 788 1108 iugenio
817 1035 845 1089 et
875 1028 983 1091 indicio
1016 1030 1228 1114 rirepeodorom

80 1125 218 1207 penderet.

507 1363 511 1368 ’
595 1349 702 1432 xxvi.

170 1536 394 1610 dioecensin,
435 1555 511 1618 quae
545 1547 681 1600 accumte
716 1539 838 1620 exposui
868 1539 904 1602 de
921 1546 1062 1623 ‘tempore
1088 1549 1224 1625 receptae
1242 1551 1294 1608 109

78 1638 187 1718 primum
217 1638 297 1720 apud
320 1639 448 1704 Graecos
470 1643 660 1724 seripturae‚.
676 1643 712 1704 dc
740 1642 838 1725 prisco
860 1642 1080 1724 purgandorum
1097 1646 1225 1727 proden-

79 1739 232 1824 doromqoe
255 1741 418 1807 Caeninum
440 1763 537 1818 more,
565 1745 601 1816 de
623 1745 793 1827 dispendis,
822 1746 914 1808 unicis
935 1745 1053 1812 illorum
1077 1747 1224 1831 deposita-

78 1844 138 1920 riis,
159 1845 303 1927 quaedam
327 1848 412 1928 quasi
430 1842 605 1930 προτέλεια
626 1857 693 1910 sunt
708 1849 841 1911 diuersae
861 1857 891 1912 et
909 1849 1023 1916 altioris
1036 1853 1225 1933 quaestioma

78 1945 105 2007 in
132 1949 185 2012 irae
217 1958 339 2032 repente
372 1951 462 2014 omnis
491 1968 608 2034 campus
641 1951 842 2033 disputationis
874 1958 1015 2028 mutatur,
1050 1963 1225 2022 evanescunt

77 2049 156 2142 ferme
176 2053 306 2133 uestigia
325 2054 479 2130 historica,
508 2062 537 2116 et
560 2055 591 2115 in
618 2054 714 2117 locum
741 2071 841 2118 eorum
869 2055 982 2136 trepide
1006 2055 1134 2118 succedit
1155 2074 1225 2120 oon-

77 2155 177 2220 ieotora
206 2164 239 2218 ct
265 2157 466 2234 ratiocinatio,
496 2176 554 2219 non
584 2175 727 2238 quaerens
754 2155 823 2230 iila,
854 2154 923 2236 quid
946 2154 1128 2232 Herodotus,
1154 2157 1226 2238 quid

77 2257 167 2338 Plato,
187 2260 260 2342 qnid
283 2279 406 2322 summus
420 2259 593 2325 Aristoteles
616 2257 735 2335 afferat,
758 2258 810 2320 sed
832 2257 902 2340 quid
922 2275 958 2320 ex
980 2247 1225 2342 principiis'bene

22 2421 24 2438 p
76 2365 190 2443 prouisis
213 2372 339 2444 cogatur
362 2372 390 2427 et
409 2363 568 2440 efficiatur,
594 2363 629 2427 id
647 2381 750 2427 severo
772 2361 880 2426 iudicio
901 2379 1081 2448 persequens
1109 2369 1145 2436 et¹
1161 2379 1225 2424 oum

22 2449 24 2520 i
76 2465 133 2546 ipsa
155 2474 265 2530 natura
292 2485 474 2550 comparans.
525 2467 714 2530 Coniecturae
742 2465 906 2529 huiusmodi
932 2464 1021 2528 hodie
1049 2461 1155 2542 tulgus
1179 2465 1225 2527 in·

22 2523 24 2666 d
76 2569 176 2633 innare
202 2569 281 2633 solet
302 2571 646 2654 nominehypothesiom.
690 2571 773 2632 Dura
795 2568 938 2630 conditio:
975 2583 1028 2629 nos
1057 2573 1152 2661 tamen
1175 2565 1224 2628 diu

22 2701 24 2744 t
76 2675 190 2736 cunctati
230 2681 259 2736 et
295 2683 511 2758 exspectantes,
550 2674 616 2737 dnum
653 2672 861 2757 praefidentior
894 2669 970 2732 alius
1004 2671 1060 2732 hoe
1093 2669 1224 2746 auderet

22 2763 23 2796 ³
75 2794 125 2838 non
148 2772 439 2842 metuamus'diutius
463 2776 576 2853 sannae,
607 2771 832 2858 planissimeque
858 2773 953 2840 statim
974 2770 1117 2848 dicamus,
1145 2772 1224 2852 quod

75 2896 116 2940 res
139 2888 190 2944 est.
742 2925 744 2932 >

166 2980 291 3046 Videtur
315 2979 415 3062 itaque
444 2997 482 3042 ex
510 2978 569 3040 illis
599 2979 683 3061 sequi
704 2979 886 3054 necessario,
913 2985 972 3048 tam
995 2993 1166 3060 magnorum
1195 2988 1224 3043 et

74 3093 209 3166 perpetua
230 3084 305 3146 serie
328 3083 515 3146 deductorum
534 3097 653 3163 operum
674 3081 795 3144 formam
817 3102 836 3145 a
856 3082 937 3145 nullo
960 3089 1048 3165 poeta
1070 3099 1124 3144 nec
1146 3082 1224 3146 desis

76 3189 152 3266 gnari
186 3188 284 3249 animo
320 3205 374 3250 neo
409 3171 558 3249 elaborari
593 3185 722 3267 potuisse
759 3186 822 3247 sine
855 3186 1012 3250 artificioso
1049 3183 1223 3248 adminiculo

75 3292 232 3356 memoriae.
277 3289 368 3352 Coelo
390 3288 543 3350 demissum
564 3287 710 3366 ingenium
734 3285 832 3349 demus
851 3287 994 3361 Homero,
1019 3285 1223 3350 altissimarum

75 3408 162 3474 capax
181 3393 407 3472 cogitationum,
434 3391 539 3472 qrribus
561 3386 722 3450 diuinarum
743 3397 771 3450 et
791 3389 1085 3452 humaocrnmrerum
1098 3389 1223 3458 omniurn

75 3497 217 3560 scientiam
240 3495 424 3568 exhauserim
451 3494 495 3555 sit
514 3491 565 3554 iile
587 3491 687 3566 nobis,
716 3501 749 3554 ut
769 3490 909 3556 Velleius.
921 3492 977 3568 ait,
1006 3491 1070 3552 sine
1089 3491 1220 3582 enemplo

74 3601 208 3662 maximus
231 3607 260 3661 et
281 3593 343 3660 sine
366 3595 496 3659 aemulo:
531 3611 566 3656 ao
588 3611 659 3655 sane
679 3612 826 3676 nunquam
846 3593 1061 3658 iliius‘luminis
1081 3595 1222 3677 'splendor

72 3700 168 3763 iterum
197 3701 360 3774 exorietur,
395 3698 452 3761 nisi
479 3699 601 3762 aiteram
630 3697 780 3760 Graeciam
806 3708 970 3761 nascentem
996 3699 1100 3764 uiderit
1126 3701 1220 3762 orbis:

73 3805 106 3866 sit
125 3805 190 3882 iile,
220 3805 271 3886 qui
296 3799 416 3882 ingenio
445 3821 535 3886 supro
565 3819 662 3864 omnes
691 3802 810 3878 eminet,
838 3803 916 3884 quod
945 3809 1063 3885 praeter
1086 3809 1219 3864 naturam
1236 3806 1288 3863 110

171 4095 230 4161 289.
253 4105 312 4162 sqq.
324 4088 468 4145 laudantur
486 4103 518 4144 ex
538 4075 706 4162 Διομήδους
728 4083 873 4160 ἀριστείᾳ,
892 4101 945 4158 quo
962 4090 1069 4143 nomine
1086 4101 1104 4142 a
1124 4085 1219 4142 (iram-

171 4175 275 4232 maticis
294 4175 447 4246 appellatur
464 4172 494 4230 11.
514 4179 547 4228 E.
585 4172 661 4235 Quod
680 4175 766 4242 ipsum
784 4187 837 4226 urna
855 4189 911 4226 carn
927 4177 1022 4228 tenore
1039 4177 1219 4229 construetio-
1285 4243 1287 4246 Ι

171 4264 213 4316 nto
232 4260 313 4317 ualde
326 4259 487 4316 adversator
501 4258 584 4318 obelo
597 4255 785 4321 Valckenarii,
799 4255 921 4322 delentis
938 4258 1039 4327 verba,
1057 4258 1089 4315 da
1106 4256 1219 4332 Διομή-

172 4343 237 4424 dcoe
254 4342 395 4419 ἀριστείῃ.
811 4389 814 4394 ,
835 4357 848 4368 ·

109 4443 193 4491 Woli.
211 4447 305 4498 Proice.
992 4428 1012 4496 5
