2944 4900
519 295 885 364 raouuoouuuu.

625 535 628 542 -
658 483 741 566 xlx.

221 659 261 718 At
283 663 440 720 ooonrrnnt
461 655 544 716 nobis
570 655 716 730 nonnulli,
744 655 879 738 opposita
905 653 1023 735 anoipiti
1051 653 1080 717 ui
1108 653 1214 715 silentii
1242 635 1270 716 in
1291 659 1324 715 to

113 759 173 820 boo
196 759 334 820 historico
366 775 483 838 geuene.
534 757 566 818 ln
598 777 656 840 quo
682 760 730 838 isti
758 777 829 822 sane
859 758 955 820 dieunt
982 757 1107 838 aliquid,
1137 757 1189 820 sed
1215 776 1273 819 non

115 869 242 935 tantum,
273 868 410 940 quantum
438 859 494 920 sibi
514 860 648 924 uidentur
676 862 782 924 dicere.
834 860 885 930 Est
913 859 990 923 band
1019 861 1104 922 dubie
1130 860 1273 922 silentium

116 963 265 1044 quoddam
287 961 394 1023 nullius
415 954 549 1034 momenti
572 973 600 1025 et
621 966 651 1026 in
673 972 804 1027 neutram
824 972 935 1046 portem
953 963 1123 1044 trahendum
1130 987 1139 1040 ;
1168 973 1273 1026 uontra

119 1066 204 1134 aliud
221 1074 265 1126 est
288 1073 423 1144 argutum
445 1072 488 1150 et,
509 1071 541 1126 ut
562 1066 604 1128 ita
625 1066 734 1142 diuam
757 1049 873 1142 vocale,
897 1067 976 1149 quod
997 1068 1022 1144 si
1040 1060 1103 1129 non'
1121 1085 1274 1150 expugna-

116 1178 166 1231 tur
195 1168 338 1230 diuersum
361 1156 527 1230 testantium
556 1171 743 1245 auctoritate,
772 1169 820 1232 uel
846 1187 897 1245 ea,
928 1188 1005 1249 qnae
1025 1187 1122 1231 omnes
1150 1169 1273 1232 omnium

115 1273 305 1334 auctoritates
327 1271 453 1350 frangit,
475 1271 604 1346 ratione,
630 1271 708 1353 apud
728 1271 977 1353 prudentissimum
1000 1291 1141 1353 quemque
1161 1291 1275 1354 semper

113 1368 269 1458 plurimum
293 1373 391 1438 ualuit.
434 1373 495 1436 lam
516 1375 541 1450 si
564 1375 639 1435 iorte
660 1373 720 1436 tale
742 1392 800 1435 non
822 1373 910 1434 interit
931 1372 1005 1433 illud
1022 1373 1156 1450 Homeri,
1180 1375 1274 1438 liben-

115 1489 162 1540 ter
186 1477 333 1558 audiemus
357 1494 424 1552 eos,
449 1477 589 1558 aquibus
612 1476 780 1536 remittimur
801 1474 839 1537 ad
858 1474 931 1538 alios
953 1482 1074 1557 potetas,
1097 1497 1170 1558 qnos
1187 1497 1274 1560 quum

114 1582 229 1661 liqueat
254 1579 427 1656 tritissimum
449 1580 588 1646 babuisse
617 1588 708 1640 artem
732 1577 892 1654 scribendi,
924 1596 1022 1640 eorum
1050 1579 1150 1661 plnres
1179 1590 1274 1662 tannen

114 1701 260 1772 nusquam
279 1681 357 1742 illius
371 1682 541 1744 mentionem
562 1683 659 1743 iacere
673 1681 810 1760 uidemus
831 1680 1017 1761 *Quanquam
1038 1681 1138 1764 paullo
1159 1675 1275 1745 diuersa

16 1829 17 1834 ι
117 1787 246 1850 conditio
268 1784 383 1847 ridetur
405 1785 592 1846 essebonum
615 1783 1052 1848 etHesiodeornmCarnuinurn.
1095 1785 1168 1847 llam
1188 1806 1275 1868 quum

116 1893 148 1950 in
169 1879 251 1950 tanta
271 1887 454 1966 longitndine
476 1887 592 1949 illorum
619 1896 662 1950 tot
680 1877 918 1976 eonsuetudinnm
946 1898 973 1950 et
993 1888 1148 1951 celebrium
1171 1890 1275 1952 artium

115 1995 251 2078 piotnrao
269 1991 396 2054 intextae
418 1991 489 2064 sint,
512 1991 660 2075 inprimis
685 2008 799 2064 earum,
826 2008 901 2072 quae
923 1990 975 2052 illo
998 1999 1126 2073 tempore
1147 1993 1275 2073 aliquam
1431 2062 1456 2084 ·.

115 2093 369 2159 admirabilitatem
398 2111 435 2164 eu
462 2095 592 2156 nouitate
619 2093 774 2167 baberent,
804 2094 835 2154 in
864 2093 1016 2156 Hesiodeis
1046 2101 1141 2157 autem
1168 2115 1276 2176 magna
1397 2129 1424 2142 ‚.

114 2219 189 2284 pars
217 2197 390 2260 domesticae
412 2196 590 2278 ‚disciplinae
616 2185 767 2268 tradatur,
808 2195 872 2257 iure
898 2196 1059 2276 meritoque
1093 2197 1212 2288 mirere,
1249 2199 1276 2259 si
1311 2179 1312 2182 Ἴ

115 2311 223 2366 neuter
242 2300 412 2362 utilissimae
436 2301 480 2362 rei
500 2301 683 2362 meminerit„
718 2299 819 2380 Neque
846 2317 916 2362 uero
939 2299 1009 2365 satis
1038 2291 1221 2384 firmumsser
1244 2321 1276 2366 se

16 2481 17 2492 χ
115 2412 197 2467 esset
218 2403 274 2465 boo
289 2411 507 2482 'argumentum
537 2411 587 2464 aut
610 2403 745 2484 (lignun,
772 2404 804 2464 in
825 2422 882 2484 qno
904 2393 1057 2484 tantopere
1078 2423 1110 2466 se
1134 2405 1276 2480 lactarent
1336 2455 1340 2462 .

114 2509 174 2570 riri
198 2506 292 2570 docti..
330 2505 416 2584 erod
438 2507 512 2568 enim
530 2507 572 2568 ita
595 2525 627 2568 se
649 2504 769 2568 eredere
784 2505 1033 2569 fatenturnullam
1046 2515 1137 2568 artem
1149 2506 1275 2576 llonrero

16 2611 17 2618 ’
114 2613 210 2678 tuisse
232 2610 393 2690 cognitam,
425 2628 501 2694 qnae
524 2608 602 2694 apud
632 2625 696 2670 eum
720 2605 781 2670 non
807 2609 986 2683 inueniatur,
1017 2607 1179 2669 retunditur
1203 2608 1277 2670 baec

115 2715 196 2777 ratio
219 2711 357 2794 exemplis
379 2713 526 2800 uariarum
547 2712 669 2786 artium,
699 2729 773 2793 quas
797 2708 882 2790 ,nullo
910 2708 976 2771 loeo
1007 2709 1124 2783 laudat,
1155 2729 1277 2792 quarum

114 2829 215 2880 mmen
236 2813 303 2876 talis
330 2821 436 2876 natura
466 2822 524 2890 est,
553 2822 585 2898 qt
611 2813 705 2888 aliae,
739 2830 812 2894 qnos
840 2829 929 2894 saepe
956 2809 1098 2885 celebrat,
1120 2811 1189 2895 ,sine
1216 2811 1275 2872 illis
1293 2822 1329 2877 80

117 2923 246 2986 existere
266 2926 295 2979 et
316 2918 473 2980 cohaerere
493 2937 551 2979 non
572 2918 744 2999 potuissent.

189 3005 191 3012 ¹
219 3021 383 3100 Pergamus
403 3019 444 3082 sd
466 3019 559 3093 abund,
582 3015 776 3103 quodmagis
798 3017 925 3088 eontinet
938 3036 1065 3104 oausam.
1104 3016 1276 3102 ¹Dubitatnm

118 3136 163 3190 est
185 3123 256 3188 olim
271 3119 330 3198 4l'),
353 3141 391 3184 au
410 3141 493 3195 usum
516 3123 658 3185 minorum
681 3107 812 3185 earnium
830 3121 907 3182 norit
922 3119 1072 3182 Homerus.
1116 3122 1180 3183 Non
1203 3124 1277 3184 enim

116 3229 206 3291 babet
227 3225 348 3287 uerbum
369 3211 476 3308 ἕψειν,
506 3227 566 3285 non
593 3223 678 3286 aliud‘
703 3223 855 3305 potestatis
883 3221 1027 3290 eiusdem
1064 3223 1180 3284 nonnisi
1209 3241 1278 3284 assa

117 3330 241 3414 apponit
267 3327 381 3389 mensis.
438 3327 477 3387 At
507 3341 578 3387 uero
610 3325 660 3408 qni
689 3323 742 3385 illa
770 3323 804 3384 ss.
836 3341 871 3406 φ.
901 3323 973 3385 362.
1005 3320 1109 3404 Odyss.
1137 3345 1172 3403 μ.
1204 3326 1277 3409 237.

117 3432 224 3496 oeoinit
247 3437 276 3492 et
297 3427 401 3489 similia
430 3428 467 3490 ‹le
494 3427 636 3490 lebetibus
663 3428 727 3508 igni
752 3425 861 3508 imponi
887 3425 996 3498 solitis,
1026 3443 1092 3486 num
1121 3425 1147 3491 is
1177 3428 1279 3508 coqui-

117 3536 233 3599 narium
255 3521 316 3593 rem
336 3531 450 3612 penitus
472 3531 612 3610 ignorare
640 3529 757 3612 potuit?
799 3527 860 3592 Neo
880 3529 926 3606 id,
958 3529 1078 3611 opinor,
1109 3528 1280 3592 dubitabunt

117 3648 248 3711 veteres,
267 3634 328 3714 qni
352 3631 433 3692 iilam
459 3633 657 3712 quaestionem
681 3633 847 3701 ‘mouebant
896 3631 1047 3710 Pingenrli-
1067 3640 1172 3708 arten,
1203 3651 1280 3714 quiae

118 3757 156 3803 eo
178 3737 295 3801 nomine
317 3734 408 3812 digno
431 3733 483 3808 sit,
508 3733 649 3798 Homerus
671 3735 781 3798 nobam
799 3735 881 3800 nouit
894 3729 952 3820 ⁴¹);
982 3733 1096 3796 textilia
1119 3735 1148 3798 st
1170 3751 1280 3812 eogno-

158 3989 211 4059 4ο)
228 3987 379 4056 Vestigium
398 3993 522 4057 superest
540 4001 582 4058 ap.
600 3988 695 4044 Athen.
714 3987 735 4042 l.
754 4005 781 4058 p.
802 3991 845 4048 25.
863 3987 894 4042 ll.

157 4077 212 4145 41)
230 4074 272 4129 ltu
288 4079 361 4127 reete
382 4061 451 4126 Plln.
468 4070 584 4138 XXXV,
604 4080 630 4130 3.
651 4079 717 4128 extr.
757 4073 804 4126 cui
823 4074 883 4127 looo
902 4085 957 4126 non
976 4068 1153 4132 adversatur,
1172 4071 1201 4121 ut
1220 4071 1281 4139 qui-

228 4159 289 4213 ianr
308 4161 417 4227 putant,
434 4155 514 4210 alius
533 4156 652 4212 eiusdem
681 4159 787 4226 operis,
813 4155 946 4218 xxxiii,
972 4163 1013 4218 7.‚
1040 4155 1091 4208 etsi
1111 4153 1229 4216 tortasse
1249 4168 1282 4208 eu

226 4243 338 4296 diusmo
363 4243 497 4310 soriptore
523 4243 631 4310 uetitus.
683 4239 830 4295 Confirmat
854 4253 910 4294 reru
941 4235 1058 4292 historio
1082 4239 1179 4293 artium
1210 4236 1282 4306 apud

228 4325 364 4392 Graecos,
384 4325 419 4382 orl
437 4327 679 4394 ontnosertptores
695 4321 869 4380 antonianus
888 4323 1027 4378 botoron.
