2976 4900
545 307 923 385 P‘ROLEGOMENA.
1249 323 1312 390 149

151 497 296 578 stephane
325 491 396 555 sutis
419 503 555 596 accurate
576 497 779 582 inuestigetae.
831 501 933 584 Neque
962 521 1033 567 vero
1064 507 1094 567 iu
1121 509 1307 599 grarnriios

153 607 263 661 tannrur
285 597 417 679 partibus
440 597 645 662 Grammatices
667 603 778 682 aliquid
800 605 930 668 relictum
950 615 1015 670 erat
1036 609 1220 686 Aristarcho,
1251 614 1304 676 sed

150 705 237 766 etiam
259 703 289 762 iu
318 700 471 764 lenissimis
500 703 688 783 quibusdam,
719 713 751 766 nt
776 707 807 768 in
835 707 994 772 formarum
1023 711 1233 776 discriminibus
1264 717 1302 778 ad

149 814 257 868 certam
285 789 418 883 regulam
445 807 616 868 reuocandis
633 801 695 889 ³²):
739 826 815 890 quae
844 829 931 891 quun
962 822 1031 894 post
1056 814 1140 901 iiluna
1167 818 1209 878 ita
1230 835 1297 899 per·
1315 828 1366 882 247

147 907 271 988 vulgata
295 905 376 967 faute
404 908 475 984 sint,
505 919 537 971 ut
568 928 630 972 cunr
657 911 722 991 ipso
743 911 856 976 Graeco
883 930 1016 976 sermone
1044 922 1115 980 nata
1135 919 1297 998 uideantur,

147 1026 291 1092 suppares
315 1016 343 1070 et
364 1013 542 1090 posteriores
565 1019 826 1095 poctaenrgnnnr,
848 1015 938 1096 uulgo
958 1037 1016 1080 nou
1034 1021 1188 1084 obseruata
1201 1039 1296 1103 uequre

145 1115 177 1174 iu
200 1110 345 1175 constanti
366 1131 421 1174 usu
442 1113 541 1176 fuisse.
585 1115 629 1176 Ae
651 1114 769 1202 iuerupt
784 1117 850 1180 cliro
863 1117 948 1180 »haud
961 1118 1063 1194 dubie,
1085 1123 1134 1204 qui
1150 1132 1295 1205 putarent,

144 1219 176 1279 iu
203 1216 301 1298 prisco
328 1222 415 1296 potita
442 1217 581 1296 anomala
603 1218 745 1297 quaedem
774 1221 937 1284 istiusmodi
969 1222 1090 1290 scenos
1120 1244 1203 1301 esse,
1241 1247 1294 1291 uec

143 1316 436 1398 indigualrepetitu
474 1336 550 1398 quae
577 1319 632 1386 ille
661 1321 698 1383 ad
727 1331 887 1405 percepta
915 1341 971 1384 sna
1001 1324 1097 1403 rigide
1124 1335 1294 1392 mutauerat.

147 1419 209 1482 Sed
240 1405 395 1482 obscurius
430 1429 473 1482 est
503 1423 559 1484 troc
592 1427 681 1485 toturn
708 1440 802 1503 genus
830 1445 940 1502 rerum,
972 1445 1058 1508 qoem
1085 1435 1117 1490 ut
1144 1429 1292 1493 hocloco

142 1521 285 1584 illustrari
305 1516 455 1603 queat³³).
545 1535 546 1538 ’

176 1851 226 1921 32)
244 1850 366 1905 νΙιιιΙιοιι
384 1851 586 1920 suspicabantur
604 1859 698 1910 antea:
732 1870 801 1910 nuno
821 1869 853 1909 ex
871 1841 970 1909 Sohoii.
991 1871 1045 1910 reni
1066 1843 1140 1912 clarc
1158 1859 1289 1926 perspici-

247 1952 310 1992 mus.
347 1934 412 1988 Nam
433 1937 510 2006 quod,
524 1953 652 2009 nusquam
672 1944 697 1993 in
719 1939 792 1992 Hom.
814 1939 903 2001 θέλω,
924 1943 1068 2010 στεναχέω
1088 1941 1215 2012 tegimus,
1240 1957 1289 2008 pro

247 2022 352 2085 ἐθέλω,
374 2020 663 2095 orrvdpcr‚·nusquarn
677 2022 787 2096 ἥδυμος
802 2037 850 2093 pro
865 2020 991 2094 νήδυμος
1010 2023 1148 2095 (Hpnrnunn
1164 2028 1190 2078 in
1205 2024 1289 2080 Mero

244 2121 321 2162 rrcrno
345 2105 467 2177 curabit3
503 2123 590 2179 noque
616 2113 723 2163 annino
743 2109 814 2162 nitus
832 2108 969 2162 doctorum
988 2108 1073 2180 intpp.
1093 2109 1288 2165 Alexandrino-

245 2207 302 2244 ruru
319 2194 380 2246 ista
403 2185 528 2246 Carmina
556 2197 665 2268 turgente
685 2193 793 2248 liorueri
816 2192 910 2246 tribuit
919 2193 943 2260 z)
970 2193 1042 2262 quod
1062 2195 1191 2250 nonnulla
1209 2197 1288 2248 etiarn

245 2279 456 2348 praeter'iegcro
474 2281 659 2349 proportionis
678 2277 861 2342 declinantur,
887 2285 916 2332 ut
936 2275 1067 2349 Κάλχαν,
1096 2277 1186 2343 Θόαν,
1208 2284 1288 2332 Hon-

244 2357 371 2432 ruodpert,
398 2383 423 2417 c.
442 2369 486 2422 86.
514 2371 539 2432 β.
560 2368 583 2419 1.
609 2383 640 2436 μ.
659 2370 718 2420 231.
747 2382 772 2418 ν.
785 2370 850 2436 2222.
882 2383 907 2436 p.
926 2367 995 2430 683,
1022 2365 1048 2418 id
1075 2379 1133 2419 curs
1157 2363 1289 2418 siruitiirus

245 2447 335 2500 muitis
354 2446 520 2504 Aristarchei
540 2451 630 2506 indicit
650 2448 794 2519 putandum
814 2452 862 2506 est

174 2545 221 2608 33)
239 2542 323 2598 Unam
344 2561 398 2600 rcrn
418 2547 538 2602 breuiter
553 2553 699 2618 attingam,
720 2547 821 2600 iormns
840 2551 867 2599 et
884 2549 1032 2614 potestates
1050 2544 1235 2614 pronominum
1252 2543 1287 2596 ab

246 2628 405 2685 Aristarcho
429 2635 581 2688 accuratius
607 2635 774 2685 constitutas.
817 2627 883 2682 Nam
910 2628 961 2683 hoo
985 2643 1091 2699 quoque
1110 2627 1145 2681 ad
1166 2642 1225 2681 eun
1244 2643 1287 2680 re-

247 2713 383 2768 terendum
402 2722 459 2780 est,
488 2719 558 2787 quod
581 2721 657 2791 σφῶε
678 2729 694 2768 a
714 2721 806 2788 σφῶϊ,
831 2714 881 2766 ἑοῦ
900 2715 934 2767 ab
956 2713 987 2767 ἕο
1007 2713 1197 2782 distinguitur,
1217 2712 1289 2782 quod

247 2791 335 2870 cptm'
354 2799 442 2872 σιμός,
462 2805 602 2873 σφέτερος
619 2801 749 2854 communi
768 2815 816 2852 usn
835 2795 868 2850 de
887 2796 1007 2866 pluribus
1024 2795 1170 2868 usurpatur
1185 2799 1213 2849 in
1232 2803 1288 2850 ter-

244 2885 284 2936 tia
302 2897 433 2951 persona,
453 2883 500 2946 ἑός
518 2874 550 2940 de
569 2899 621 2939 uno
640 2886 690 2936 eto.
726 2881 765 2936 Gi.
780 2881 881 2936 Schoii.
898 2882 931 2935 ad
951 2903 976 2935 α.
990 2887 1049 2939 216.
1071 2903 1095 2936 κ.
1110 2883 1170 2941 546.
1188 2885 1213 2934 i.
1230 2884 1287 2938 142.
1399 2875 1411 2898 ⁰

245 2965 419 3035 Apollonii.
446 2987 470 3039 p.
492 2975 551 3028 159.
573 2970 629 3027 169.
657 2965 722 3020 aiibi
745 2969 855 3037 passion.
910 2967 1038 3024 Niruiruur
1065 2983 1113 3033 ea,
1140 2981 1209 3038 quae
1235 2966 1289 3020 toni

245 3055 414 3108 correctione
435 3055 463 3106 in
488 3056 576 3124 poetis
596 3053 691 3106 nutari
711 3056 851 3120 poterant,
883 3057 994 3108 mutavit
1014 3051 1076 3119 iiie3
1107 3067 1177 3122 quae
1201 3057 1290 3105 autern

157 3151 162 3161 ¹
244 3137 294 3190 teti
310 3141 473 3192 correctioni
494 3136 697 3210 repugnabant,
723 3143 773 3204 pro
792 3139 964 3210 interpolatis
983 3140 1089 3202 habuit,
1111 3143 1139 3190 ut
1157 3156 1182 3190 κ.
1198 3139 1291 3190 397-

203 3271 208 3280 ,
246 3226 306 3278 399.
322 3229 433 3293 propter
450 3222 515 3276 iilud
532 3220 606 3295 μετὰ
626 3224 744 3293 σφίσιν,
762 3222 833 3275 inter
846 3241 902 3278 ons.
938 3223 989 3277 Sed
1010 3221 1060 3276 hae
1076 3226 1210 3292 potestate
1219 3213 1291 3290 'prc-

250 3309 364 3360 nominis
390 3303 468 3360 huius
496 3308 614 3370 offensus
640 3320 693 3358 non
716 3299 822 3360 'videtur
847 3309 972 3380 Apollon.
992 3308 1050 3374 nn,
1079 3322 1156 3377 quum
1181 3305 1292 3362 eundern

248 3389 358 3443 formam
373 3395 495 3461 posuerit
510 3395 589 3447 etiam
604 3393 631 3446 in
655 3392 741 3459 prima
755 3407 873 3459 persona
898 3394 931 3448 de
947 3393 1068 3464 pluribus
1083 3390 1115 3455 ΙΙ,
1134 3398 1210 3448 1277.
1251 3389 1293 3444 lta

250 3475 327 3544 tapsa
349 3477 398 3530 sub
424 3475 587 3532 Caesaribus
611 3477 747 3545 graecitas
777 3482 947 3533 accusativos
973 3483 1049 3550 σφᾶς
1074 3473 1177 3537 αὐτούς
1200 3475 1241 3529 uel
1264 3477 1293 3527 tn

250 3573 332 3628 proso
350 3559 384 3614 ad
408 3563 519 3629 prinnanr
538 3573 680 3631 personam
705 3563 856 3629 reuocauit3
887 3577 920 3617 ne
940 3561 1004 3632 quid
1024 3562 1109 3616 dicum
1135 3561 1168 3616 do
1187 3565 1293 3616 uetusto

249 3650 360 3699 auctore
378 3645 528 3715 Argonaut.
549 3644 671 3714 Orphic,
698 3649 740 3700 oui
760 3650 833 3718 σφίν
852 3646 937 3701 innuo
956 3650 1043 3700 instar
1067 3652 1109 3701 est
1135 3645 1236 3700 Protei.
1263 3672 1292 3684 -

250 3730 400 3801 Σῖρέιερος
417 3746 500 3800 porro
519 3736 561 3784 est
577 3739 667 3783 uester
680 3733 708 3785 in
728 3731 851 3786 Prooem.
868 3730 947 3802 ’'Epy.
967 3729 1084 3796 ssesicd„
1105 3729 1177 3800 qnod
1195 3742 1306 3798 proce--

251 3815 328 3865 mium
353 3818 382 3865 ut
408 3817 505 3868 incerti
529 3816 565 3868 sit
592 3818 727 3881 ausoris,
761 3821 920 3873 vetustatem
945 3821 1034 3868 tannen
1062 3817 1167 3870 redolet
1191 3818 1296 3868 minime

250 3897 436 3967 spernendam.
488 3901 585 3956 Verum
609 3914 667 3955 earu
693 3901 864 3954 insolentiam
889 3915 943 3952 non
966 3900 1026 3950 sine
1053 3906 1118 3954 nota
1140 3899 1299 3954 dimiserunt

254 3973 359 4038 veteres
377 3987 516 4056 magistri,
537 3985 724 4040 ule-sententia
748 3983 914 4048 Aristarchi,
939 3985 1050 4050 opinor:
1079 3990 1107 4036 at
1125 3985 1222 4036 imitati
1239 3975 1299 4037 eanu'

251 4074 314 4120 sunt
340 4073 424 4139 poeta
444 4068 832 4135 inTirecoriteisXX11‚67.‚
861 4067 986 4137 Apollon.
1006 4064 1050 4130 iv,
1071 4074 1157 4131 1327..
1188 4065 1301 4126 Quintus

254 4151 359 4222 Smper.
387 4159 414 4207 et
438 4154 494 4208 aiii.
540 4151 631 4214 Quint
658 4154 729 4226 quod
756 4159 837 4222 poeta
862 4156 888 4206 in
910 4149 1024 4205 Thccur.
1045 4149 1128 4215 XXV,
1148 4153 1206 4207 163.
1232 4152 1301 4205 idem

252 4252 402 4306 pronomen
426 4240 518 4310 poenit
539 4253 588 4307 pro
615 4238 692 4311 ἐμός.
736 4236 814 4298 Quod
839 4237 985 4306 exemploru
1011 4251 1088 4306 querno
1112 4249 1182 4289 nuno
1198 4237 1302 4288 unicum

253 4324 307 4388 stt,
328 4324 449 4377 certatim
470 4321 497 4376 itt
516 4325 645 4380 unirentur
663 4324 751 4390 docti,
775 4325 827 4378 etsi
844 4324 929 4377 minus
947 4319 1072 4390 displicet
1089 4321 1143 4374 iltis
1165 4321 1304 4390 σφέτεροι·
