2976 4900
206 324 270 392 154
589 317 962 386 Pbobbttomutta

204 516 310 588 nimos,
338 521 368 576 et
388 509 618 592 interpolationis
641 508 725 570 buius
751 507 847 570 tontes
867 522 960 590 prope
988 525 1049 568 nna
1077 525 1140 568 cum
1170 505 1356 569 Carminibus

94 669 99 679 .
205 619 276 698 ipsis
301 617 488 698 prorupisse,
524 621 620 675 minan
643 629 716 684 uon,
751 610 820 690 quid
849 611 985 672 cecinerit
1010 610 1183 684 idomenus,¹
1202 611 1254 672 sed
1283 611 1356 690 quid

206 737 312 783 canere
343 717 491 792 debuerit,
528 724 661 797 spectare
694 713 793 776 debuit
825 711 1036 774 emendaturus.
1085 711 1159 774 Nam
1185 714 1211 774 si
1239 731 1278 775 ex
1308 715 1356 788 iis,

207 822 443 902 quoebactenus
465 819 646 891 dictasunt,
674 815 817 898 capienda
847 817 958 896 species
991 821 1034 877 est
1063 825 1192 877 ueterum
1213 814 1356 889 codicum,

137 933 282 1004 eosquos
302 923 354 986 ille
374 923 554 996 adbibuerit,
574 919 597 982 ir
623 921 653 982 iu
683 919 776 982 iliade
806 927 834 980 et
856 917 988 997 Odyssea
1007 917 1083 978 inter
1104 935 1136 978 se
1162 916 1239 978 baud
1261 917 1357 978 minus
1477 911 1478 914 ’

207 1027 420 1110 dbsmsersrnt,
442 1040 501 1106 qua
522 1024 750 1087 conformatione
770 1029 800 1084 et
818 1029 880 1082 toto
901 1021 1001 1081 babitu
1022 1018 1202 1098 singularum
1220 1021 1357 1100 partium,

207 1147 266 1208 qua
286 1143 405 1190 numero
427 1145 576 1200 remonon,
607 1143 692 1206 mum
713 1123 829 1186 codices
850 1121 1192 1203 Rabacbomyomaobiae
1212 1121 1268 1182 boc
1288 1125 1358 1182 sae-

206 1231 272 1294 culo
294 1231 527 1310 congesti,cum
549 1228 776 1306 unigenitoris.
821 1226 882 1287 llos
907 1233 1025 1300 excute,
1058 1241 1184 1304 quaeso,
1214 1231 1242 1284 et
1265 1241 1358 1308 expe·

205 1335 282 1410 rire,
306 1343 354 1396 au·
368 1335 542 1415 poematium
562 1325 721 1393 estundere
744 1347 782 1392 ex
800 1330 836 1390 iis
857 1329 968 1410 possis,
995 1327 1082 1409 quale
1108 1327 1202 1389 tuterit
1216 1327 1357 1407 primum!

206 1436 281 1498 'lum
301 1437 385 1500 etiam
405 1435 480 1497 illud
499 1427 674 1514 cogitemus,
703 1434 867 1496 iuveniliter
893 1432 1004 1494 ludenti
1025 1429 1150 1512 populo,
1162 1423 1355 1508 'quantumuis

205 1546 309 1611 acuto,
343 1539 513 1617 confingere
537 1528 596 1600 oon
623 1537 721 1598 solere
747 1538 927 1599 coniunctam
954 1533 1054 1596 iudicii
1074 1533 1258 1595 subtilitatem
1289 1543 1356 1593 cutm

206 1639 304 1702 diuina
332 1640 444 1719 ingenii
480 1642 510 1702 ni
539 1659 575 1704 ae
603 1641 707 1723 spiritu
720 1633 781 1716 ⁴⁰),
818 1627 927 1718 ubique
956 1645 1038 1708 rates
1065 1636 1156 1702 luisse
1183 1635 1354 1713 ingeniosos

205 1750 273 1804 ante
303 1752 395 1805 artem
422 1742 570 1806 sollertius
599 1743 773 1822 percultam,
808 1751 895 1822 atque
929 1741 1005 1803 adeo
1033 1739 1185 1822 plurimum
1212 1736 1358 1818 polluisse
1477 1791 1478 1816 ,

205 1845 269 1905 siue
291 1843 353 1904 illa.
397 1843 473 1910 Nolo
495 1843 649 1905 Homerum
671 1845 690 1906 i.
716 1862 742 1904 e.
765 1845 886 1923 andqna
907 1842 1043 1904 Carmina
1063 1842 1165 1904 lorum
1185 1856 1356 1921 comparare

205 1944 418 2008 eunomiani
448 1941 629 2006 Carminibus
658 1944 791 2022 Celticis,
831 1964 907 2027 quae
933 1954 1028 2008 tamen
1054 1963 1108 2007 nec
1136 1943 1230 2005 unius·
1249 1943 1355 2004 aetatis

205 2067 259 2138 uec
283 2049 413 2127 genuina
440 2047 524 2110 nobis
554 2046 662 2110 tradita
685 2067 750 2112 esse
770 2057 856 2132 puto:
896 2048 948 2109 sed
977 2047 1013 2110 de
1043 2048 1162 2111 Ariosto
1192 2053 1221 2107 et
1241 2043 1357 2106 Sbake-

205 2151 321 2233 speario
350 2169 434 2213 nemo
463 2151 505 2212 ita
533 2153 669 2236 senserit,
703 2160 735 2214 ut
765 2169 816 2214 eos
845 2152 1053 2230 comingensis
1089 2157 1117 2212 et
1141 2157 1209 2232 'arte
1236 2148 1356 2210 Homeri

205 2252 416 2333 comparandos
438 2260 535 2331 neget.
577 2255 617 2316 At
638 2271 734 2317 noane
754 2255 784 2316 in
805 2254 849 2316 bis
868 2253 958 2316 multa
978 2261 1059 2326 sunt,
1082 2269 1158 2332 quae
1172 2249 1354 2328 Lessingius,

204 2350 393 2424 Wielandns,
430 2353 550 2416 Vossius
578 2355 715 2417 mutanda
741 2363 770 2418 ct
799 2355 956 2418 recidenda
983 2362 1136 2436 putarent,
1170 2357 1195 2416 si
1223 2354 1356 2416 criticam

203 2456 302 2518 iacere
322 2454 430 2516 uellent
459 2455 498 2519 ad
527 2456 703 2520 Graecorum
722 2459 853 2520 morem?
897 2457 994 2534 Quint
1032 2457 1056 2518 si
1085 2457 1215 2519 diversos
1236 2456 1355 2518 illorum

203 2563 357 2640 poetarum
386 2564 414 2618 et
437 2558 638 2640 ‘discrepantes
667 2559 781 2622 codices
803 2559 993 2635 haberemus,
1021 2565 1117 2622 nonde
1142 2559 1174 2622 id
1201 2558 1249 2622 uel
1276 2577 1355 2620 sum-

203 2680 276 2722 mam
298 2659 465 2722 modestiam
485 2661 550 2724 aeui
572 2662 665 2725 nostri
685 2661 722 2724 ad
750 2649 890 2727 Graecam
915 2662 1066 2724 audaciam
1086 2662 1242 2726 irritaret?
1275 2661 1354 2737 Quid

203 2766 302 2828 adeo?
337 2764 363 2826 si
395 2784 411 2826 e
440 2763 621 2826 discordibus
637 2767 818 2846 ⁸testimoniis
847 2772 997 2828 cantorum
1022 2774 1052 2828 et
1077 2765 1262 2830 librariorum
1283 2764 1355 2826 Ari·

205 2871 336 2932 atnrcbus
359 2874 552 2949 capotuerat
574 2866 702 2947 nunidem,
731 2868 861 2947 momnis
881 2868 1035 2944 roludsset,
1064 2878 1159 2950 eoque
1181 2868 1267 2929 unice
1287 2867 1354 2928 ani-

135 2979 187 3032 256
205 2989 279 3032 mum
300 2969 486 3041 intendisset,
509 2985 679 3046 germanum
704 2975 749 3042 et,
773 2976 805 3028 ut
824 2969 866 3030 ita
888 2969 998 3046 dicam,
1018 2970 1219 3054 primigenium
1241 2959 1354 3029 ἀοιδὸν

203 3071 358 3146 reducere3
393 3067 642 3154 quandoquidem,
668 3069 737 3150 quid
758 3070 833 3131 inter
853 3071 930 3134 bunc
952 3082 980 3134 et
1003 3076 1152 3154 egregium
1165 3071 1352 3153 rhapsodum,

202 3185 290 3257 atque
311 3191 431 3251 rursus,
460 3172 529 3254 qnid
553 3173 628 3248 inter
646 3171 823 3253 rhapsodum
843 3175 983 3239 mediocri
1008 3177 1127 3256 ingenio
1149 3184 1178 3238 et
1198 3173 1353 3239 Homerum

201 3278 401 3342 dormitantem
431 3277 554 3341 subinde
584 3286 613 3341 et
643 3277 696 3340 s'uo
731 3277 895 3340 abutentem
925 3278 1045 3358 ingenio
1072 3281 1237 3360 interesset,
1269 3277 1353 3340 nulla

200 3381 322 3444 bominis
343 3381 504 3458 sagacitate
528 3379 661 3460 dignosci
680 3378 782 3460 potuit

303 3483 354 3544 Sic
376 3481 500 3562 denique
530 3461 666 3563 apparet,
696 3499 782 3560 punam
813 3499 920 3563 auceps
950 3479 1075 3547 conditio
1101 3483 1145 3545 rei
1172 3482 1267 3558 tuerit,
1283 3487 1352 3556 tum,

201 3602 289 3666 quum
314 3583 501 3644 Aristarchus
529 3583 655 3643 Homero
684 3601 819 3644 summam
842 3601 956 3656 manum
982 3587 1151 3668 imponeret.
1208 3583 1353 3648 Videlicet

199 3690 276 3752 hooc
304 3683 441 3748 Criticum
475 3683 644 3744 absol-cisse
671 3683 795 3756 demum
824 3685 906 3748 donc
934 3691 1067 3770 politam
1101 3693 1134 3748 ct
1166 3687 1352 3746 concinnam

199 3786 220 3852 d
231 3779 422 3878 ιασικευὴν
441 3777 624 3868 Ὁμῃρικήν,
652 3787 686 3846 im
711 3805 774 3868 prta
798 3809 855 3850 mec
875 3791 1011 3852 medium
1026 3791 1147 3871 primo,
1175 3809 1233 3850 trec
1253 3791 1352 3849 imum

197 3893 356 3972 discrepat
372 3891 490 3971 emedio,
504 3889 691 3971 'eundemque
712 3891 837 3956 tortasse
858 3893 930 3957 baec
945 3910 1037 3973 opera
1052 3891 1110 3954 duo
1132 3892 1162 3952 iu
1181 3891 1250 3964 bas,
1273 3906 1352 3968 quiae

199 4059 515 4078 -ae—-v-Q-——nu

222 4165 273 4234 40)
295 4154 393 4224 conge
419 4162 474 4214 atta
497 4168 575 4216 actos
593 4163 725 4233 producit
742 4167 905 4234 scriptores,
933 4166 993 4233 pari
1012 4164 1172 4218 excellentes
1192 4161 1303 4230 iugenio
1324 4165 1353 4212 et

295 4241 374 4301 asle,
398 4261 514 4316 eosque,
533 4249 596 4315 qui,
619 4251 685 4302 ntttt
704 4255 830 4315 peccant,
852 4242 905 4300 cisi
924 4250 993 4316 qood
1009 4250 1076 4300 milit
1094 4254 1219 4314 perorat,
1240 4249 1351 4312 ut'apte

294 4320 366 4376 l'lln.
389 4330 427 4380 ait
446 4326 511 4396 Bpp.
531 4328 632 4390 tv,·26.
813 4349 816 4352 ·
1153 4347 1156 4352 ·
