2976 4900
509 323 879 394 PROLEGOMENX.
1224 330 1267 395 77

117 518 228 582 iliados
253 536 272 580 a
294 514 492 588 Grammaticis
513 531 571 578 non
594 511 775 576 dissensisse.
818 516 912 592 Quam
931 515 1031 598 inepto
1051 515 1125 588 enim
1146 518 1268 584 oonsilio

117 626 159 700 is,
187 639 275 702 quem
303 619 395 699 vulgo
418 619 552 696 Quintum
574 616 734 680 Calabrum
749 626 869 693 nocant,
897 619 1070 700 rhapsodias
1099 637 1168 685 suas
1189 622 1269 685 uelut

117 723 260 788 maturius
291 724 433 804 abruptae
464 721 547 784 Iliadi
577 720 804 802 supplementum
831 723 1017 797 attexuisset,
1056 723 1113 783 nisi
1137 723 1269 805 exempla

116 830 248 912 priorum
269 834 427 906 temporum
449 831 517 886 ante
542 823 643 887 oculos
665 824 830 890 habuisset!
873 824 1029 907 Culpamus
1059 827 1269 907 quidemenm,
1341 881 1344 886 .

117 942 258 1012 tanquam
278 927 377 996 rudem
403 936 639 1009 praeceptorum,
669 945 744 1008 qnae
775 944 849 1006 nnnc
876 929 960 1009 pueri
987 947 1025 990 ex
1045 929 1194 994 Batteosio
1226 932 1269 996 di·

119 1044 221 1098 scunt:
258 1050 326 1100 num
351 1028 443 1094 minus
475 1030 673 1111 adparentes,
703 1031 728 1094 si
749 1031 826 1106 forte
849 1031 943 1094 Iliada
967 1033 997 1094 in
1027 1033 1122 1096 reditu
1148 1037 1269 1100 Achillis

117 1139 242 1210 findam,
260 1142 349 1214 atque
367 1134 435 1195 inde
454 1132 493 1194 ad
512 1134 646 1198 lleetoris
667 1133 753 1196 funus
777 1136 815 1196 ah
830 1133 883 1198 illo
899 1135 1061 1218 suppletam
1076 1138 1269 1210 haberemus?

118 1221 346 1305 Acoomrnodare
368 1244 397 1298 et
418 1238 594 1322 subiungere
619 1255 652 1302 se
680 1239 768 1301 rebus
797 1237 850 1298 scit
880 1237 1065 1320 philosophia
1093 1243 1180 1318 artis,
1209 1264 1269 1309 non

119 1362 190 1414 raro
213 1343 298 1406 etiam
317 1339 454 1402 fortuitis.
497 1338 672 1418 Gatalogum
692 1340 840 1422 copiarum
863 1340 888 1401 si
910 1324 969 1404 non
984 1342 1148 1422 legeremus
1168 1346 1205 1414 ΙΙ.ι
1224 1348 1268 1426 Β.,

118 1449 173 1510 illa
198 1444 284 1519 nihil,
314 1450 399 1524 puto,
428 1443 563 1506 omissum
592 1429 781 1527 quereretur3
818 1427 942 1509 forsitan
966 1445 1040 1518 adeo
1070 1465 1133 1512 eam
1157 1433 1269 1531 partem
1287 1472 1338 1526 129

118 1550 267 1623 historici,
289 1565 348 1612 non
367 1535 472 1627 poetae
492 1564 556 1608 esse
573 1545 735 1620 docuisset,
754 1536 962 1628 ridendumque
983 1567 1064 1623 esse,
1088 1551 1138 1632 qui
1151 1553 1271 1620 heroum

117 1654 250 1718 nohthm
272 1651 385 1730 absquo
407 1667 444 1710 ea
466 1667 594 1713 mancam
616 1649 792 1711 existimaret
807 1643 864 1730 96).

651 1871 746 1953 XXX.

224 2045 265 2106 At
287 2042 354 2112 licet
376 2049 503 2104 veterum
529 2041 662 2124 plerique
684 2041 834 2104 artificium
856 2051 1018 2106 structurae
1039 2053 1067 2107 et
1088 2051 1273 2131 compositio-

122 2151 166 2212 nis
183 2144 578 2232 Garminumflomericorum
592 2145 640 2207 rel
658 2146 783 2207 assecuti
797 2162 856 2207 non
870 2146 940 2219 sint,
961 2145 1010 2208 rel
1021 2149 1112 2212 minus
1127 2162 1273 2228 accurate,

121 2270 210 2334 quern
233 2249 322 2312 hodie
343 2246 483 2326 solemus,
510 2246 714 2322 existimarint,
737 2256 835 2310 tamen
857 2248 926 2328 quin
947 2249 1015 2310 insit
1036 2251 1122 2314 iniis
1144 2254 1274 2336 aliquod,

122 2355 252 2418 dubitari
276 2351 357 2414 nullo
386 2359 473 2432 paeto
500 2359 605 2431 potest.
658 2351 711 2414 Sin
742 2359 837 2413 autem
861 2341 1042 2436 dubitamus,
1064 2355 1219 2420 llomerine
1244 2359 1274 2421 id

122 2463 176 2536 sit,
203 2477 243 2520 ao
268 2457 305 2518 ab
328 2453 393 2515 aliis
415 2441 560 2531 ingeniis,
575 2454 714 2517 innitente
734 2455 799 2536 ipso
818 2441 988 2538 argumento
1003 2475 1103 2518 eorum
1127 2466 1155 2520 et
1173 2459 1275 2524 ordine
1376 2471 1383 2476 '

122 2565 260 2640 fabulae,
290 2557 454 2636 adscitum,
475 2557 607 2636 quaestio
627 2559 700 2620 haec
725 2543 771 2620 est
791 2559 944 2632 eiusmodi,
971 2559 1003 2620 iu
1024 2577 1083 2638 qua
1103 2577 1175 2636 non,
1206 2561 1276 2642 quid

122 2669 245 2752 poeticis
281 2663 397 2746 legibus
436 2667 660 2722 consentaneum
691 2670 741 2722 aut
769 2670 875 2743 poetae
909 2660 1097 2741 honomfieum
1133 2669 1275 2744 patemus,

124 2767 314 2854 spectandum
340 2765 392 2838 sit,
419 2762 472 2824 sed
501 2762 570 2844 qnid
593 2782 629 2826 ex
649 2763 794 2825 historicis
822 2773 850 2826 et
877 2765 983 2842 criticis
1010 2765 1171 2844 rationibus
1199 2766 1276 2828 reri-

126 2872 217 2936 simile
240 2887 307 2932 csse
328 2867 470 2930 rideatur.
518 2864 613 2946 Etiam
643 2865 718 2928 hanc
741 2867 939 2947 quaestionem
965 2883 1043 2948 pono
1065 2874 1189 2944 tantum,
1217 2885 1277 2930 non

127 2980 288 3058 pertracto:
329 2977 373 3031 est
402 2969 476 3031 enim
495 2969 649 3034 immensae
671 2971 827 3047 materiae,
852 2989 910 3032 *nec
939 2971 1106 3054 necessaria
1125 2971 1276 3054 proposito

128 3086 237 3141 nosho.
290 3072 405 3136 Interim
432 3072 507 3134 duae
534 3089 581 3134 res
610 3073 657 3134 hic
678 3073 780 3154 paucis
801 3073 989 3154 attingendae
1017 3083 1098 3151 sunt,
1123 3093 1202 3156 quae
1232 3075 1279 3138 rel

130 3182 209 3244 solae
230 3178 424 3258 suspicionem
446 3176 595 3256 compagis
617 3177 748 3238 manibus
769 3177 872 3240 alienis
893 3177 990 3238 factae
1010 3178 1185 3256 inutraque
1205 3175 1278 3238 Gar·
1306 3256 1308 3263 J

130 3285 201 3346 mine
223 3286 429 3344 commoveant.
544 3314 547 3318 -
817 3295 819 3300 ‘
1267 3357 1271 3362 ¹

218 3384 359 3466 ‘Alterius
387 3381 504 3461 generis
534 3389 600 3466 sunt
628 3382 782 3458 eminentes
811 3375 924 3460 aliquot
954 3388 982 3442 et
1008 3378 1121 3439 hiantes
1149 3379 1280 3444 commiss
1296 3394 1349 3450 130

132 3505 231 3563 snrae,
251 3466 335 3567 ‘quas
361 3503 416 3567 per
440 3469 523 3572 tices*
541 3485 708 3568 saepissime
729 3482 870 3566 repetitae
898 3481 1030 3544 lectionis
1062 3479 1192 3562 reperire
1212 3481 1281 3568 mihi

132 3589 208 3652 rhus
231 3597 368 3662 snm,.et
390 3585 508 3672 easdem
529 3593 557 3652 et
579 3585 681 3676 iisdem
701 3587 732 3650 in
753 3587 841 3663 locis,
870 3585 944 3648 tales
953 3633 965 3660 „
989 3594 1021 3648 nt
1049 3600 1099 3646 eas
1129 3602 1190 3648 non
1218 3604 1281 3648 cnm

168 3853 213 3922 96)
231 3851 282 3906 llic
305 3849 385 3907 nohis
417 3855 445 3906 in
472 3856 682 3909 mentem=renit
705 3859 921 3924 argumentorum
946 3852 1134 3918 ridiculorum,
1166 3866 1227 3920 seu,
1253 3861 1281 3908 nt

204 3936 206 3940 '
236 3931 305 3990 Geli.
322 3933 374 4005 111,
399 3945 441 3994 tt.
459 3941 512 4002 ait,
534 3939 677 4008 admodum
694 3940 804 4000 lenium»,
829 3951 878 4007 per
890 3945 964 4006 *quae
984 3934 1071 3990 Attius
1094 3937 1210 3992 ostendit
1227 3937 1280 3993 lle-

233 4020 339 4076 siodum
357 4023 477 4080 llomcrc¹
498 4029 563 4078 nata
580 4027 706 4095 priorem.
751 4025 827 4088 Quod
851 4028 1000 4086 Homerus,
1025 4023 1127 4092 inquit,
1152 4037 1231 4090 quom
1252 4025 1281 4076 ιἰι

233 4107 369 4174 principio
397 4109 531 4165 ommium
553 4099 682 4162 Achillem
696 4123 764 4160 ,esee
788 4109 873 4173 filium
890 4111 964 4163 Pelei
985 4109 1100 4168 diceret,
1131 4109 1190 4176 quie
1214 4116 1283 4161 essct

235 4195 346 4260 Peleus,
376 4209 432 4244 coo
453 4194 572 4247 addidit:
608 4210 693 4264 quorn-
708 4208 765 4245 rem
786 4197 882 4260 procul
906 4194 984 4246 dehic
1020 4195 1149 4261 dixisset,
1171 4195 1226 4247 nisi
1249 4195 1282 4246 oh

234 4281 354 4332 meando
373 4281 429 4332 tom
451 4280 550 4332 dietum
565 4280 667 4333 vidant
690 4283 739 4332 etc.
783 4277 855 4334 liaeo
873 4278 1007 4349 quomodo
1032 4279 1281 4350 illuopertineant,

234 4366 418 4436 unusquisqne
437 4362 519 4424 ridet.
618 4421 623 4429 Δ
