2976 4900
484 331 857 398 caecutientium
1213 339 1257 405 95

103 521 211 586 deinde
229 519 357 600 Hymnus
379 523 407 577 et
428 515 506 591 aliu,
529 517 622 582 donoc
644 521 757 582 indiciis
778 519 984 584 nonnullorum
994 523 1256 590 Alexandrinorum
1274 531 1325 588 158

102 626 202 704 uulgo
220 639 318 686 omnes
340 618 557 698 acquiwruut.
606 620 650 686 De
673 624 729 686 boe
748 640 858 702 genere
879 624 1022 703 quaedam
1050 644 1108 689 non
1131 630 1257 710 protrita

104 743 300 811 apponerem,
329 723 354 784 si
383 722 451 784 mibi
480 723 577 801 potius
609 741 663 798 eo,
695 743 754 804 quo
787 725 889 788 insitor
915 728 1050 804 matoria,
1084 749 1170 810 quam
1195 749 1254 860 quo

104 833 205 906 ducit,
222 829 307 908 sequi
323 819 452 890 liceret²
455 819 493 902 ⁰.)

207 931 269 996 Sed
287 930 457 1012 priusquam
472 925 593 990 alterum
613 928 737 1008 spatium
757 928 924 1007 ingredior,
945 929 1031 993 uelint
1052 949 1107 1012 pro
1128 949 1159 992 se
1175 933 1253 1011 quis·
1272 940 1323 995 159

105 1054 165 1118 que
184 1035 279 1098 animo
303 1028 425 1108 colligat
449 1029 559 1103 omnia,
581 1045 658 1109 quae
678 1031 816 1092 bostonus
837 1029 997 1112 explicavi,
1025 1033 1183 1096 retexendo
1204 1034 1256 1096 blo

105 1133 330 1218 argumentandi
347 1147 443 1212 saepe
463 1130 631 1208 subtiliora,
664 1141 695 1193 ut
721 1141 876 1215 appareat,
905 1134 976 1214 qaid
1002 1135 1137 1216 singulae
1164 1138 1255 1199 ratio-

104 1259 177 1315 nes,
210 1237 280 1320 quid
300 1234 455 1298 umiuersae
473 1231 599 1296 ualeant.
649 1233 712 1310 Etsi
737 1237 811 1298 enim
837 1236 999 1300 iniunctis
1027 1247 1056 1300 et
1077 1241 1162 1318 quasi
1185 1257 1255 1302 oon·

104 1342 236 1424 globatio
255 1335 448 1421 probabilitas
471 1343 531 1409 est,
554 1336 628 1398 sicut
647 1338 677 1398 in
699 1339 804 1400 inmens
825 1339 957 1401 membris
978 1343 1109 1422 corporis
1128 1342 1256 1423 pulchri·

104 1447 194 1525 tudo,
222 1453 317 1531 tamen
341 1438 461 1518 singula
478 1448 624 1502 'momente
643 1459 697 1522 per
717 1458 750 1502 se
772 1436 887 1521 oportet
908 1459 972 1504 eam
992 1443 1048 1504 uim
1071 1444 1196 1520 babere,
1224 1451 1256 1505 ut

104 1549 222 1631 aliquid
245 1545 354 1610 addant
373 1541 460 1608 laum.
513 1539 547 1602 Si
567 1542 604 1614 in¹
619 1542 765 1606 nonnullis
796 1542 862 1623 plus
890 1545 979 1606 tribui
1005 1544 1255 1622 uerisimiliutdiui,

104 1671 195 1734 quam
216 1665 319 1711 seuera
340 1647 391 1709 lex
411 1644 552 1706 historiae
571 1646 682 1726 poscit,
711 1664 770 1708 ιιοο
798 1645 828 1708 id
861 1665 926 1710 mea
956 1647 1044 1729 culpa
1065 1646 1175 1710 iactum
1203 1657 1255 1722 est,

103 1756 160 1818 sed
183 1750 305 1834 pennus
325 1747 453 1820 testium,
476 1759 598 1824 quorum
616 1765 653 1808 ne
674 1756 784 1809 tantum
803 1748 925 1828 quidem'
941 1767 1088 1814 numerum
1105 1759 1256 1831 exspecta·

102 1877 155 1922 res
177 1858 207 1918 in
227 1863 284 1915 tam
304 1849 431 1929 antiquis
460 1855 488 1907 et
512 1849 626 1911 occulto
650 1851 843 1912 crescentibus
864 1852 968 1913 rebus:
1013 1860 1167 1932 serteego
1191 1852 1257 1914 nul-

101 1964 166 2024 lum
185 1958 280 2020 locum
300 1952 406 2016 ueteris
428 1950 556 2013 auctoris
579 1951 672 2014 scions
687 1952 796 2014 detorsi
817 1953 848 2013 in
864 1954 952 2016 aliam
965 1957 1148 2032 senteutiam,
1171 1975 1257 2036 quam

211 2207 305 2340 iffi?
335 2205 434 2256 ueteris
457 2199 644 2265 Grammatioi,
679 2217 733 2256 non
763 2202 903 2258 Herodoti.
951 2202 990 2259 lie
1020 2206 1080 2274 ipsa
1111 2219 1140 2259 re
1171 2204 1204 2258 ci.
1231 2207 1255 2270 ᾖ.

308 2292 400 2340 ‚extr

140 2388 193 2457 ιο)
212 2382 296 2440 Unum
314 2382 359 2439 bie
387 2385 497 2440 alierum
516 2388 609 2458 paneis
634 2383 740 2448 uerbis,
768 2384 850 2456 longa
877 2385 984 2454 dignum
1005 2386 1199 2454 explicatione,
1213 2401 1258 2466 'ex

214 2485 268 2540 quo
298 2470 482 2540 intelligetur,
520 2487 572 2542 quo
601 2483 766 2539 progressae
797 2473 851 2522 sint
880 2469 1062 2525 dubitationes
1094 2467 1258 2525 Graecorum

211 2558 332 2622 ipsorum
349 2557 401 2608 ianr
423 2563 485 2610 ante
505 2555 710 2612 Alexandrinos.
754 2553 829 2614 Quae
853 2568 898 2606 res
922 2553 1001 2605 simul
1025 2555 1164 2608 excusabit
1189 2571 1257 2624 quo·

212 2639 353 2693 dammodo
373 2639 512 2694 audaciam
532 2647 669 2703 uestram,
695 2638 773 2692 simul
797 2651 868 2690 οοιο
899 2643 1057 2707 argumento
1089 2641 1155 2702 erit,
1174 2639 1258 2692 multe

212 2725 376 2793 grauissima
394 2725 551 2782 oblitterata
570 2739 629 2779 esse
649 2723 777 2778 stabilitis
799 2723 940 2774 sententiis
959 2727 1039 2790 atque
1058 2723 1173 2778 decretis
1190 2724 1256 2778 illu·

215 2824 270 2861 rum
290 2810 475 2876 saeculorum,
504 2809 649 2880 exquibus
669 2807 726 2861 lere
744 2811 839 2858 trustra
867 2804 977 2858 Scholia
1001 2805 1137 2860 babemus.
1179 2807 1257 2876 Apud

213 2892 341 2945 Senecam
362 2893 394 2948 de
412 2894 491 2950 Brev.
509 2898 581 2949 vitae
605 2911 626 2947 e.
655 2898 695 2948 13.
722 2894 750 2945 in
768 2892 972 2960 quaestionibus
994 2888 1156 2945 Graecorum
1175 2891 1257 2943 inuti-

215 2978 303 3042 libus,
331 2977 365 3031 ad
385 2978 523 3032 vivendum
542 2978 645 3032 seilicet
662 2976 756 3040 beate,
783 2971 851 3028 ltuttc
872 2989 979 3048 quoque
996 2977 1049 3030 iam
1067 2976 1164 3030 dudum
1182 2975 1256 3046 lege·

213 3062 323 3128 bamus,
351 3059 512 3114 Eiusdentue
530 3065 649 3116 auctoris
669 3068 757 3116 essent
774 3062 842 3112 ilina
861 3067 886 3111 ιι
906 3061 1032 3127 Otlpesen.
1069 3059 1151 3115 llutus
1174 3075 1257 3130 quae·

213 3149 311 3202 ationis
340 3162 425 3216 οιιροι
450 3147 546 3200 nullum
573 3161 683 3216 usquein
715 3147 855 3212 uestigium
883 3151 942 3196 erat
968 3145 1049 3198 aliud.
1100 3143 1154 3197 Sed
1180 3145 1255 3197 eece!

213 3245 285 3284 nunc
301 3231 380 3299 plura
398 3238 531 3302 apparent
556 3234 584 3284 in
611 3229 853 3297 praestantissimis
872 3225 989 3282 Seboliis
1007 3226 1073 3281 Ven.
1079 3223 1080 3230 ’
1095 3228 1196 3280 codicis
1214 3227 1257 3290 d,

214 3315 260 3367 ubi
288 3328 332 3367 res
359 3321 581 3385 commemoratur
606 3318 636 3365 ut
664 3310 750 3364 doctis
774 3313 932 3376 notissima,
959 3313 1156 3382 proprioque
1151 3310 1258 3362 nomine

216 3399 368 3454 refutantur
386 3401 532 3469 aliquoties
559 3401 587 3450 ot
607 3415 669 3466 χωρ
662 3399 793 3458 ιί,ζονιις
819 3397 836 3448 1
858 3411 880 3449 ι.
901 3399 953 3464 ipsi
972 3396 1029 3460 1111,
1054 3395 1099 3462 qui
1122 3392 1288 3462 negabant·

215 3482 327 3537 eundem
346 3487 487 3555 utriusqus
506 3483 640 3558 Carminis
657 3487 792 3536 auctorem
810 3495 878 3534 esse.
915 3480 981 3536 Vide
999 3479 1032 3533 ad
1052 3473 1079 3544 ‘d
1098 3475 1259 3533 3566ι1ιι1.

216 3574 274 3626 156.
296 3570 321 3622 δ.
343 3573 440 3625 354.κ
442 3573 526 3625 ..476
547 3571 571 3620 t.
596 3570 654 3624 147.
671 3563 731 3623 691.
750 3585 782 3638 μ.
804 3570 848 3624 96.
873 3585 899 3622 ν.
923 3571 983 3625 365
1003 3585 1034 3621 ιι.
1061 3568 1121 3619 747.
1147 3583 1179 3634 φ
1199 3564 1261 3619 416.

214 3659 275 3714 550.
295 3654 391 3725 quibus
412 3654 535 3720 versibus
553 3651 625 3720 diple
644 3665 712 3720 pura
730 3655 857 3720 apposita
883 3658 924 3707 est
950 3659 1063 3722 propter
1087 3646 1153 3709 τοὺς
1168 3651 1260 3721 χωρί-

215 3742 329 3803 ζοντας,
346 3753 409 3804 ιιι,
429 3744 458 3792 ut
478 3742 506 3792 in
524 3736 686 3808 Fragmenta
706 3735 739 3790 de
758 3739 830 3790 uotis
852 3739 953 3790 criticis
972 3738 1086 3808 legitur,
1106 3732 1182 3808 πρὸς
1198 3729 1262 3791 τούς

121 3825 125 3832 ’
214 3827 353 3895 λέγοντας
375 3821 415 3895 μὴ
442 3822 514 3877 εἶναι
541 3827 592 3875 τοῦ
618 3819 707 3874 αὐτοῦ
733 3825 857 3887 ποιητοῦ
880 3818 985 3874 Ἰλιάδα
1011 3823 1060 3872 καὶ
1083 3815 1259 3872 Ὀδύσσειαν.

220 3907 286 3963 lllos
307 3913 395 3962 autem
413 3909 519 3976 priores
537 3904 621 3961 inisse
639 3905 821 3960 celeberrimis
840 3904 940 3961 sobolis
957 3902 1210 3964 Grammaticorum,
1228 3911 1260 3950 ex

212 3995 301 4049 multis
327 3991 434 4048 indiciis
461 3992 570 4060 colligo.
621 3987 711 4052 Quare
739 3990 880 4045 videndum
903 3996 958 4055 est,
994 4003 1028 4042 ne
1053 3986 1123 4039 torte
1147 3983 1259 4052 primum
1371 4025 1382 4037 .

215 4081 359 4150 uestigium
378 4078 452 4132 illius
473 4076 636 4147 suspicionis
652 4077 737 4128 lateat
762 4076 790 4128 1ο
811 4074 932 4128 mutilato
957 4070 1018 4125 loco
1037 4069 1115 4124 Vitae
1140 4066 1259 4134 Homeri,

215 4180 285 4235 quae
307 4179 325 4218 a
347 4161 501 4233 Tyebsenio
528 4163 681 4215 accuratius
711 4173 791 4230 quam
816 4165 897 4212 anteo
924 4155 996 4210 edita
1020 4155 1113 4210 estin
1138 4150 1258 4222 Append.

214 4247 290 4304 Fttse.
308 4247 328 4302 i.
348 4245 419 4300 Bibt.
440 4242 577 4316 Goelilng.
604 4263 629 4316 p.
657 4253 714 4302 lle:
749 4247 881 4318 Hypaipa
905 4236 1036 4308 ποιήσεις
1062 4237 1130 4306 cdo,
1155 4236 1260 4293 Ἰλιάδα

212 4334 262 4384 καὶ
276 4327 459 4388 Ὀδύσσειαν·
481 4330 579 4390 Ξένων
596 4332 643 4382 καὶ
660 4324 822 4390 Ἑλλάνικος
839 4325 1016 4398 ἀφαιροῦσιν
1035 4321 1130 4380 αὐτοῦ.
