2976 4900
246 274 290 346 te
614 235 1003 344 'ruouscomuun

246 469 338 552 prino
363 483 452 550 opere
479 465 560 528 fusas
592 465 643 528 sed
666 467 878 549 posterioribus
909 467 987 528 curis
1015 463 1113 528 illotos
1142 481 1224 539 esse,
1238 501 1241 506 -
1254 465 1308 528 ubi
1338 483 1401 528 uno

246 581 297 636 eut
324 570 419 632 altero
455 569 587 652 exemplo
617 570 867 645 demonstravero,
901 569 1029 650 menois
1058 569 1153 630 statim
1180 583 1400 642 concessurum,

246 693 300 738 seo
321 675 418 756 potius
440 672 532 754 ipsum
559 671 648 754 plane
676 689 827 750 sensurum
851 674 984 735 arbitrer.
1033 673 1100 748 Qua
1123 673 1156 734 in
1176 689 1210 732 re
1230 672 1256 733 si
1277 689 1333 753 per
1354 679 1401 733 tot

246 779 366 842 saecula
400 793 482 838 nemo
514 773 632 836 offendit
662 775 917 838 eruditissimorum
943 774 1099 848 reatuum,
1135 792 1222 855 quum
1255 776 1401 837 neminem

245 882 382 946 mediocri
403 879 536 942 solertia
564 879 595 938 iu
616 895 652 940 aa
676 877 824 941 offendere
845 897 904 942 non
923 894 1011 960 posse
1029 885 1144 958 putem,
1174 879 1247 953 baec
1269 877 1401 940 tortasse

246 1004 305 1050 una
329 1000 419 1046 canusa
446 981 515 1055 luit,
544 980 623 1061 quod
653 989 794 1062 perpetua
822 983 914 1043 series
938 979 1116 1056 Garminrum,
1144 988 1203 1042 tum
1229 983 1400 1064 praeconiis

245 1090 398 1154 multorum
417 1087 591 1167 scriptorum
613 1091 673 1144 tum
695 1101 749 1144 sua
772 1083 868 1164 specie
892 1082 1016 1160 fallens,
1037 1085 1100 1146 eins
1122 1085 1166 1146 rei
1191 1087 1400 1165 cogitationem

244 1194 335 1273 longe
357 1190 523 1264 amonebat,
546 1196 574 1250 et
597 1187 667 1268 quia
690 1191 787 1248 omues
809 1204 904 1268 prope
928 1195 1034 1248 natura
1056 1188 1099 1250 sic
1115 1189 1273 1271 comparati
1287 1206 1398 1263 sumus,

244 1305 282 1378 ιιιΙ
300 1295 443 1360 dissoluta
461 1292 639 1371 coniungere
661 1289 796 1352 libentius
819 1307 906 1368 quam
925 1290 1025 1353 iuncta
1046 1290 1206 1354 dissolvere
1220 1291 1400 1354 studeamus.

349 1397 415 1473 ano
436 1403 566 1478 tempore
586 1393 677 1474 igitur
698 1394 773 1455 haec
793 1393 913 1474 primum
936 1413 999 1458 cum
1012 1397 1111 1462 amicis
1126 1393 1305 1477 quibusdam.
1318 1411 1399 1456 com-

244 1499 439 1571 municabam,
473 1498 567 1577 probe
596 1496 725 1569 memini,
757 1505 894 1578 qunamnm
921 1495 967 1561 illi
995 1499 1158 1563 diffiderent
1182 1497 1398 1578 suspicionibus

244 1605 327 1678 meis,
358 1608 459 1681 totque
485 1600 669 1663 saeculorum
692 1601 951 1682 praescriptionem
979 1610 1007 1664 et
1033 1598 1177 1664 silentiam
1193 1610 1397 1683 ¹opponerent.

243 1705 348 1770 Paullo
371 1711 438 1785 post
465 1703 495 1763 in
517 1722 575 1776 uno
606 1703 737 1764 locorum
758 1703 891 1778 illorum,
921 1704 951 1766 in
983 1721 1041 1786 quo
1071 1710 1199 1766 suturam
1219 1702 1397 1772 adventitiae

244 1809 315 1871 artis
335 1806 427 1868 latere
450 1807 613 1887 suspicatus
636 1823 732 1880 eram,
760 1822 797 1866 ex
825 1805 974 1887 insperato
1004 1805 1214 1887 qualiscunque
1235 1805 1396 1882 aucmmtas

243 1911 350 1974 ueteris
374 1907 555 1973 Grammatici
578 1907 762 1969 coniecturae
782 1925 864 1970 meae
884 1907 1034 1971 succomit.
1083 1905 1137 1968 Est
1156 1908 1182 1968 is
1202 1906 1284 1969 locus
1307 1905 1342 1968 ll
1365 1925 1396 1968 e.

245 2013 457 2087 sao—aua,
486 2019 518 2072 ut
537 2006 684 2071 lenissime
708 2008 815 2086 dicam,
843 2008 950 2090 frigide
972 2018 1001 2072 et
1019 2009 1116 2092 inepte
1133 1998 1238 2071 iacens
1252 2009 1328 2071 inter
1347 2027 1397 2071 res

244 2117 440 2180 Troianorum
461 2114 696 2194 Graecorumque
718 2121 746 2174 et
767 2113 843 2175 inter
863 2113 992 2176 Thetidis
1014 2113 1167 2176 adrentum
1186 2113 1218 2174 in
1236 2111 1397 2194 Olympum.

244 2215 290 2281 lle
312 2218 375 2279 istis
394 2217 527 2278 uersibus
547 2217 576 2276 inl
592 2217 822 2278 accuratioribus
837 2215 963 2280 Scholiis
978 2215 1070 2296 longa
1086 2215 1243 2298 disputatio
1258 2225 1398 2298 excerpta

177 2328 227 2382 131
247 2328 290 2384 est
312 2317 462 2382 Zenodori
485 2316 652 2392 cuiusdam,
683 2317 761 2378 unde
788 2319 976 2400 praecipuum
1005 2317 1085 2400 quod
1112 2318 1229 2395 tollam,
1259 2320 1316 2381 hoc
1342 2325 1396 2394 est,

242 2441 294 2487 eos
318 2439 420 2485 uersus
444 2437 503 2482 nou
534 2437 571 2482 ex
591 2417 709 2498 uolgari
729 2419 968 2501 interpolatione,
998 2437 1054 2483 neo
1084 2440 1103 2482 a
1127 2421 1318 2485 Grammatico
1340 2423 1396 2484 ali-

243 2544 316 2609 quo,
348 2523 402 2587 sed
441 2542 460 2584 a
493 2523 593 2606 primis
613 2517 878 2598 ’διασκευασταῒς
908 2523 1020 2586 duabus
1050 2526 1215 2608 rhapsodiis
1245 2525 1395 2588 nectendis

242 2631 372 2693 adiectos
404 2641 469 2712 csse
484 2619 539 2706 97).
597 2626 696 2706 Atque
731 2624 858 2688 eiusdem
891 2615 970 2689 modi
1000 2627 1170 2691 emblemata
1199 2631 1230 2691 in
1262 2628 1401 2710 Odyssea

240 2733 333 2798 uideri
361 2730 429 2793 mihi
455 2727 558 2793 uideor
585 2727 686 2810 plura,
719 2735 747 2789 et
769 2747 856 2791 unum
886 2728 961 2794 adeo
985 2731 1181 2808 manifestum,
1207 2738 1242 2792 ut
1281 2749 1319 2794 ex
1346 2731 1394 2809 iis,

241 2853 363 2918 quorum
397 2832 504 2896 iudicio
545 2831 601 2894 boc
636 2829 780 2911 specimen
815 2834 1002 2912 spectandum
1031 2835 1168 2912 sublicio,
1204 2832 1393 2898 aduersarios

240 2939 308 3006 mibi
327 2950 491 3017 perpaucos
513 2932 578 2994 lore
599 2949 721 3014 sperem.

342 3034 447 3114 odyss.
469 3032 497 3096 d.
521 3037 593 3096 620.
616 3035 666 3096 uhi
690 3032 790 3110 citius,
821 3053 907 3118 quam
927 3039 1000 3102 vebs
1025 3047 1053 3102 et
1078 3045 1250 3122 exspectes,
1272 3061 1291 3104 a
1314 3041 1392 3104 dulci

240 3139 388 3222 colloquio
418 3137 549 3202 Menelai
576 3136 785 3214 abstrahimur,
813 3139 934 3202 redituri
959 3141 998 3202 ad
1025 3139 1100 3204 illud
1124 3143 1200 3206 libro
1229 3143 1310 3220 XV„
1339 3147 1394 3226 qui

239 3244 406 3310 Telemachi
433 3241 556 3305 reditum
580 3240 733 3318 describit,
762 3253 888 3325 quotuor
916 3251 1076 3324 sequuntur
1104 3262 1205 3307 uersus
1235 3247 1300 3327 ipsa
1323 3260 1393 3308 ora-

237 3348 324 3412 tionis
346 3346 502 3409 insolentia
524 3353 553 3410 et
574 3347 765 3426 ambiguitate
788 3347 947 3422 durissimi,
971 3345 1101 3428 nihilque
1115 3347 1260 3410 llomerici
1281 3347 1393 3412 coloris

237 3441 385 3513 hahentes.
433 3447 523 3511 Cuius
554 3449 658 3530 culpae
692 3447 807 3526 quidem
834 3450 865 3510 in
894 3449 970 3512 omui
993 3449 1110 3530 reliqna
1135 3459 1220 3532 parte
1249 3450 1294 3514 lv.
1321 3449 1393 3513 lihri

238 3548 455 3634 aliquemmulta
478 3550 737 3629 rasomonorum,
763 3551 867 3631 quibus
889 3569 948 3616 uon
962 3551 1089 3614 absorde
1110 3552 1221 3614 leuiore
1242 3553 1392 3634 bocperi-

245 3701 309 3715 ...-

197 3843 202 3852 ¹
270 3781 319 3854 97)
339 3771 599 3854 Διεσκευαόμένον
611 3787 716 3839 τοῦτον
736 3782 789 3855 τὸν
807 3784 909 3844 τόπον.
952 3787 991 3844 De
1010 3789 1061 3844 hoc
1078 3789 1162 3844 verbo
1184 3784 1390 3853 διασκευάζειν,

241 3915 245 3920 ,
339 3865 410 3938 quod
429 3867 498 3922 male
516 3869 619 3938 accepit
638 3866 708 3924 Mer.
730 3867 845 3924 casaub.
863 3872 896 3927 de
914 3873 989 3930 llom.
1009 3872 1073 3932 edit.
1091 3873 1173 3928 llack.
1200 3891 1224 3943 p.
1247 3877 1305 3930 167.
1329 3875 1388 3928 'col-

338 3951 401 4006 lect.
415 3949 562 4017 Almelov„
583 3953 675 4022 paullo
696 3969 757 4008 mou
775 3956 931 4014 videbimus.
967 3959 1113 4027 Scholion,
1139 3959 1208 4015 undo
1229 3957 1296 4013 tllud
1314 3958 1388 4012 didi-

272 4079 277 4102 ,
338 4038 436 4100 cimus,
453 4035 597 4109 Porphyrii
611 4044 665 4102 est,
683 4042 796 4108 primum
808 4042 887 4097 nobis
905 4043 999 4100 aliod.
1014 4044 1091 4100 Leid.
1107 4045 1225 4100 oblatum
1239 4059 1257 4098 a
1269 4043 1388 4100 Valcke-

336 4123 417 4176 nario
436 4123 464 4174 in
480 4123 551 4179 Dies.
570 4139 628 4177 cum
650 4121 748 4178 Ursino
767 4127 840 4182 edita
865 4144 891 4197 p.
912 4133 984 4196 1³7„
1012 4129 1087 4198 (nam
1111 4127 1224 4184 Barnea
1251 4127 1389 4200 Excerpta

336 4203 417 4260 mss,
435 4207 504 4264 nibil
519 4210 590 4278 certi
606 4208 789 4280 attulerant‚)
814 4225 885 4267 nuno
901 4214 929 4267 in
948 4215 1043 4271 ordine
1057 4216 1199 4291 ¹uulgatum
1217 4230 1250 4270 ex
1268 4213 1335 4269 Ven.
1355 4215 1386 4269 B.

339 4290 392 4349 Sed
410 4291 453 4346 hio
471 4295 498 4346 in
517 4295 610 4362 primis
629 4292 812 4351 desideramus
830 4298 1010 4367 antiquiorem
1027 4297 1058 4356 A.
1077 4317 1081 4324 ·
