2944 4900
222 299 265 368 3⁰
612 301 981 368 recunduntur-a

223 489 337 573 quidem
358 499 387 553 et
407 497 571 553 mercatura
591 489 738 554 adhibitae
760 509 779 554 a
800 489 992 555 Phoenicibus
1018 489 1090 552 artis
1112 507 1183 554 suae
1204 491 1310 554 mentio
1333 491 1377 554 lit.

183 658 185 662 ,
222 594 285 656 lloo
306 595 357 676 qui
376 612 485 656 meeum
506 591 639 669 miratus',
669 601 712 655 tot
737 592 796 654 alia
815 593 924 654 iudicia
948 593 1085 656 tardioris
1111 593 1243 656 culturae
1264 594 1380 655 littera-

222 691 286 762 rum
309 695 486 778 perpendat,
518 694 642 757 forsitan
669 696 764 762 statim
794 697 825 756 in
849 698 924 758 bano
951 697 1090 760 concedet
1116 696 1300 767 senentiam,
1336 703 1378 768 ut,

223 799 364 880 quidquid
393 799 579 862 anoruullis
608 801 643 862 de
674 797 1020 878 uetustate'irequentati
1046 818 1116 880 usus
1146 817 1245 861 earum
1272 815 1380 860 sama·

222 909 285 976 tur,
313 909 450 981 tanquam
479 883 664 964 commentum
689 901 864 962 Graecorum
890 900 1004 964 Graeca
1030 901 1086 964 tide
1115 901 1288 964 censendum
1309 917 1379 962 esse

222 1004 405 1066 arbitretur·
540 1063 544 1071 ,

172 1116 206 1170 11
324 1105 460 1188 improba
481 1124 602 1189 semper.
621 1104 688 1168 inuio
715 1103 808 1182 genti*
816 1104 921 1186 cupido
952 1104 1020 1176 luit,
1051 1101 1211 1168 olarimina
1240 1121 1380 1186 quaeque

223 1208 353 1270 instituta
384 1227 421 1270 ex
441 1209 546 1271 rrltimis
575 1205 752 1290 temporibus
775 1206 940 1286 repetendi,
973 1215 1005 1268 et
1026 1213 1135 1268 mutum
1163 1225 1222 1270 non
1252 1207 1380 1270 ommium

223 1328 353 1392 rerum,
373 1311 477 1390 quibus
512 1310 607 1373 serior
641 1308 803 1370 humanitas
830 1309 1015 1388 constabat,
1035 1309 1186 1372 utilitatem
1216 1308 1381 1372 intentioni

223 1413 343 1478 beroam
364 1433 482 1478 suorum
503 1410 701 1475 consecrandi.
751 1410 785 1472 ld
806 1419 867 1472 tum
892 1410 1015 1472 aliarum
1035 1411 1189 1474 mabaram
1207 1421 1266 1474 tum
1288 1411 1380 1474 nuru

224 1535 342 1600 quoque
360 1520 436 1580 artis
455 1516 563 1598 primos
579 1515 705 1577 cultores
718 1513 894 1576 obscurarit.
937 1511 1009 1574 llam
1024 1514 1236 1588 simultane,
1256 1512 1380 1594 ¹Gepbeo

225 1629 261 1683 et·
274 1619 369 1682 multis
393 1620 509 1682 illorum
529 1616 701 1697 aequalibus
726 1615 858 1676 notitiam
877 1613 1002 1677 siderum
1023 1617 1200 1690 tribuerunt,
1229 1616 1380 1694 antiquam

223 1716 330 1786 lamani
351 1719 565 1801 detorquendo,
585 1719 630 1778 sic
653 1725 758 1798 potitae
776 1717 911 1779 ridentur
930 1717 1081 1800 pluribus,
1102 1705 1176 1798 qnos
1199 1716 1381 1780 abscienda

224 1825 439 1886 utilissimarum
460 1840 556 1884 rerum
577 1819 700 1882 laudari
715 1819 878 1895 audissent,
901 1827 952 1881 aut
965 1828 1087 1901 quorum
1107 1820 1209 1882 merita
1226 1821 1260 1880 iu
1276 1819 1381 1880 buma-

224 1941 291 1987 num
311 1943 404 2004 genus
426 1923 568 1986 extollere
595 1921 723 1996 tollent,¹
745 1921 918 2003 praeclarae
946 1908 1031 1986 hunius
1061 1923 1132 1986 artis
1153 1941 1223 1986 seu·
1242 1922 1381 1984 branuc

225 2045 278 2090 seu
298 2028 452 2106 insigniter
473 2025 643 2089 emendatae
663 2023 871 2105 percultueque
884 2023 1000 2088 laudem
1018 2027 1162 2089 tribuisse.
1203 2025 1264 2100 lta,
1287 2043 1380 2105 quum

223 2130 293 2192 illos
315 2112 491 2211 progressus
514 2147 573 2190 uon
596 2123 820 2204 distinguerent,
849 2112 1009 2208 Aeschylus
1039 2147 1099 2191 rem
1120 2129 1290 2192 Prometheo
1310 2145 1380 2202 suo,

224 2229 276 2292 alii
305 2231 444 2310 Gecropi,
476 2230 527 2291 alii
556 2228 691 2309 Orpheo,
720 2228 772 2288 alii
799 2229 891 2304 Lino,
923 2232 1058 2313 plerique
1085 2229 1210 2304 Cadmo,
1245 2229 1381 2290 amoniti

91 2322 93 2326 ’
173 2337 208 2392 52
224 2329 373 2394 Palamedi
403 2332 626 2410 assignaverunt
641 2323 693 2406 ¹³).
745 2329 825 2392 llaec
847 2331 968 2416 dissidia
989 2342 1094 2416 posteo
1118 2333 1248 2396 himerici
1274 2341 1303 2394 et
1328 2332 1381 2394 tit·

168 2483 175 2494 .
222 2443 366 2498 teratores
387 2452 446 2495 nou
469 2429 590 2512 aequius
613 2430 717 2494 tollere
738 2450 770 2493 se
790 2451 879 2514 posse
900 2443 1053 2516 putarunt,
1075 2434 1205 2516 quamsi
1225 2451 1288 2496 eam
1309 2434 1381 2513 glo-

222 2539 296 2608 riam
324 2521 538 2618 'quodammodo
567 2535 747 2615 partirentur
777 2536 854 2597 inter
879 2554 988 2599 omnes.
1040 2537 1071 2598 ln
1105 2555 1163 2619 quo
1193 2555 1280 2598 unum
1307 2539 1381 2598 mibi

221 2642 344 2704 maxime
373 2641 490 2723 dignum
519 2647 620 2708 notato
647 2635 776 2712 ridetur,
806 2635 893 2719 quod
915 2639 1069 2722 Euripides
1090 2650 1160 2717 ¹toto
1189 2642 1306 2703 inuento
1339 2639 1381 2702 ad

220 2744 404 2808 Palamedem
431 2742 632 2806 transferendo
665 2742 806 2802 communi
831 2742 939 2826 iudicio
970 2745 1059 2806 Attici
1085 2745 1202 2821 theatri
1216 2744 1381 2808 insolenter

221 2847 376 2921 illusisset,
405 2848 430 2908 si
456 2847 513 2907 iam
542 2845 601 2906 tum
630 2845 666 2906 de
688 2843 859 2926 antiquiore
879 2846 958 2907 cultu
980 2848 1050 2908 artis
1080 2854 1109 2908 et
1129 2845 1228 2912 Cadmi
1256 2854 1381 2910 munere

222 2949 404 3010 constitisset.
446 2945 548 3026 Neque
568 2943 722 3026 Euripides
744 2944 816 3006 illud
843 2945 942 3009 lacere
963 2949 1059 3029 ‘poturit
1089 2950 1214 3030 primos3
1247 2967 1301 3014 uec
1321 2949 1379 3010 lin·

222 3049 332 3129 gebant
350 3049 393 3109 ita
414 3047 544 3136 Tragici.
588 3047 649 3109 Iam
670 3049 791 3109 uero'si
818 3051 1000 3136 oblitteratas
1019 3053 1091 3114 istas
1113 3048 1229 3114 fabulas
1250 3053 1315 3114 iare
1337 3052 1381 3114 ad

150 3153 154 3161 “
221 3163 324 3241 poetas
347 3137 481 3216 auctmes
503 3152 664 3238 relicinus,
692 3151 804 3231 ecquid.
825 3156 955 3216 accurati
975 3155 1077 3218 iudicii·
1100 3161 1158 3231 est,
1188 3157 1238 3216 uni
1267 3173 1380 3230 earum,

256 3461 303 3526 13)
321 3459 368 3512 Sic
392 3456 535 3526 Euripides
560 3459 587 3510 in
612 3456 697 3510 uobill
723 3457 829 3528 Fragm.
848 3459 999 3514 Palamedis
1018 3475 1060 3530 ap.
1080 3461 1223 3516 Stobaeom
1243 3461 1380 3534 Florilrg.

262 3595 265 3600 ,
324 3541 359 3598 Τ.
379 3539 500 3594 lxxxi.
538 3538 603 3592 Naro
625 3540 657 3594 de
675 3557 755 3594 sensu
774 3541 867 3596 hortun
886 3561 1023 3609 uersuum,
1045 3549 1105 3600 item
1126 3549 1158 3601 do
1171 3547 1296 3617 Aeschyli
1312 3549 1379 3603 loeo

325 3623 414 3680 Prom.
440 3627 518 3684 459..
550 3623 758 3678 dissentiendum
785 3633 877 3696 pruteni
908 3629 942 3683 ab
970 3634 1097 3701 opinione
1122 3623 1315 3686 llenuterbusii
1340 3635 1381 3689 ed

323 3709 435 3775 Luciam.
457 3707 489 3762 T.
508 3705 529 3761 l.
551 3723 576 3776 p.
595 3713 636 3766 88.
655 3714 793 3778 poetarum
813 3729 961 3770 sermonem
981 3719 1086 3770 rrlrnlutn
1101 3721 1255 3786 prementis.
1289 3716 1380 3772 boce-

238 3847 240 3852 .
325 3796 381 3876 dit,
401 3794 471 3866 quod
490 3807 539 3848 nco
561 3793 671 3850 Tacitus
686 3801 848 3868 gravissimo
866 3803 927 3856 loeo
942 3802 1007 3856 Anu.
1027 3799 1080 3864 Xl,
1104 3805 1160 3866 14..
1180 3819 1229 3856 neo
1242 3801 1381 3872 Hyginus,

323 3897 372 3936 nec
393 3881 444 3936 Dio
464 3877 684 3948 Chrysostomus,
713 3883 850 3940 Palamedi
878 3887 987 3942 condem
1010 3889 1188 3942 inventionem
1211 3888 1380 3956 tribuentes,

325 3982 357 4022 ex
375 3981 428 4020 uno
442 3963 570 4034 Euripide
587 3965 615 4018 id
632 3971 777 4036 sumpsisse
795 3972 881 4027 videri
897 3978 1017 4041 possunt.
1056 3969 1156 4025 Omitto
1172 3965 1382 4027 Declanetores

325 4049 391 4104 duos
410 4053 439 4104 ln
454 4047 543 4103 Oratt.
564 4045 609 4102 Gr.
628 4047 719 4106 Reislr.
740 4053 773 4110 T.
792 4055 861 4112 Vlll.
880 4075 905 4127 p.
922 4061 958 4113 74
986 4063 1012 4112 el
1033 4064 1099 4122 tte,
1118 4058 1170 4110 etsi
1191 4057 1232 4110 illi
1246 4058 1381 4126 antiquos

322 4148 446 4206 rumores
466 4137 494 4187 in
516 4137 681 4203 argumentis
701 4141 757 4193 suis
783 4145 868 4196 secuti
896 4149 964 4208 sunt.
1007 4143 1047 4196 Ab
1074 4141 1116 4197 bis
1145 4141 1267 4196 omnibus
1291 4139 1381 4194 Palu-

249 4259 252 4266 .
324 4217 412 4272 medes
430 4223 484 4272 nou
502 4233 647 4288 paucarum
669 4224 833 4290 quarundam
858 4225 1025 4296 litterarum,
1054 4225 1103 4281 sed
1129 4229 1247 4284 uniuersi
1273 4228 1383 4281 intenti

324 4306 418 4354 auctor
436 4303 598 4372 perhibetur.
641 4315 647 4324 ·
1059 4311 1062 4319 “
