2944 4900
174 345 197 414 8
572 335 943 406 recensoribus.

179 551 243 598 cnm
267 531 333 596 eliis
357 529 445 594 rebus
464 527 613 612 pluribus,
633 527 737 610 quibus
758 519 1097 602 btemuenntiquitstis
1113 522 1243 601 cognitio
1265 540 1344 586 nnn-

181 638 303 702 tinetur:
335 636 386 700 cui
406 632 502 696 studio
522 633 608 696 edum
629 631 668 694 nd
680 627 898 708 intelligendum
917 635 1033 709 poetam
1053 641 1143 706 saepe
1163 623 1230 706 plus
1245 625 1341 689 debe-

183 757 263 814 mun,
291 755 378 820 quam
405 737 452 798 bic
480 734 563 798 locus
583 734 690 816 capiat
739 728 824 808 Quod
853 739 949 794 anum
974 727 1104 810 inprimis
1131 727 1260 790 notabile
1283 737 1341 802 ast,

186 847 216 906 et
241 838 359 906 Venetis
386 837 431 902 bis
456 837 542 902 codd.
568 837 701 900 eximium
732 834 856 916 pretinm
884 831 980 904 sddit;
1020 831 1182 912 caepimus
1216 831 1247 891 iu
1276 831 1342 894 illis

187 961 317 1010 nomem
334 949 364 1004 et
386 939 471 1023 quasi
493 940 643 1014 amussim,
663 937 703 1000 ad
723 955 809 1018 quesn
832 935 962 998 ecdicum
984 942 1165 1005 moruorum,
1187 939 1344 994 eteorum

190 1046 241 1128 qni
263 1045 385 1128 postbac
404 1041 606 1118 conierentnr,
626 1040 754 1123 qualitas
775 1047 803 1100 et
824 1036 951 1100 conditio
967 1035 1091 1096 tirmiter
1113 1034 1193 1112 exigi
1212 1037 1318 1115 possit

292 1145 369 1210 illud
389 1145 447 1208 um
466 1161 543 1206 nunc
564 1159 617 1205 nne
640 1141 738 1204 docuit
757 1157 829 1202 ussus
852 1139 1039 1212 variantium,
1061 1154 1134 1216 quas
1156 1155 1193 1199 ex
1213 1139 1347 1220 quinque

141 1257 176 1315 15
193 1249 277 1314 codd.
320 1247 591 1316 vindobonensibus
612 1244 703 1308 edidit
719 1242 852 1315 sltem,
873 1242 920 1304 uir
938 1240 1122 1302 desumimus
1145 1245 1174 1300 et
1192 1239 1348 1304 indelessa

192 1353 344 1418 industria
386 1349 448 1417 Sed
468 1351 525 1414 bae
542 1349 699 1421 lectiones,
725 1361 789 1406 cum
809 1343 926 1408 Venetis
951 1341 1114 1421 mucusque
1144 1342 1235 1422 copiis
1262 1361 1347 1405 com-

193 1465 336 1542 perstas,
362 1455 430 1520 mibi
458 1469 560 1534 parum
589 1451 651 1533 spei
680 1447 862 1528 relinquunt,
894 1445 959 1507 iore
983 1452 1015 1506 ut
1044 1442 1083 1504 ad
1107 1443 1201 1512 Iliada
1227 1447 1348 1525 quidem

195 1575 233 1622 ex
255 1557 402 1622 codicibus
424 1553 513 1616 multa
531 1571 609 1616 neue
629 1560 658 1614 et
675 1551 977 1633 proecipue'usquem
997 1545 1150 1628 prodeant.
1191 1547 1263 1610 Nam
1284 1551 1349 1632 ipsi

194 1657 330 1723 meliores
351 1657 420 1720 libri
438 1655 678 1719 vindobonenses
706 1651 778 1714 nibil
800 1651 880 1712 aliud
902 1641 964 1712 lere
992 1649 1048 1710 nisi
1077 1651 1195 1730 cognita
1221 1661 1250 1714 et
1270 1655 1348 1717 alibi

194 1768 314 1843 reperte
338 1757 520 1831 confirmant,
557 1775 644 1837 quum
672 1771 710 1816 ex
734 1753 770 1814 iis
798 1760 956 1834 appareat,
985 1768 1061 1832 quae
1089 1751 1229 1816 lentium
1255 1755 1351 1822 ebeni

193 1862 388 1946 posteriorum
407 1867 566 1940 temporum
589 1855 779 1921 Grammatico
801 1855 849 1918 rel
871 1855 993 1917 librario
1011 1857 1247 1936 praestabiliores
1262 1861 1351 1924 uisae

196 1963 264 2026 sint.
308 1960 475 2026 cursuali
495 1961 682 2025 auctoritates
706 1957 842 2038 ponium
862 1973 916 2018 uec
938 1958 1021 2038 ipsse
1033 1974 1087 2038 per
1107 1975 1156 2033 se,
1178 1977 1232 2024 nec
1249 1981 1353 2026 nnme-

196 2083 248 2130 rns
278 2074 307 2129 et
332 2063 482 2129 multitudo
507 2063 609 2128 'samm
638 2061 794 2146 quidquam
822 2059 954 2122 momenti
984 2059 1091 2132 ludat,
1123 2065 1293 2144 praesertim
1325 2069 1354 2130 si

197 2188 258 2234 uon
284 2170 464 2243 nominatae,
500 2177 650 2232 auctorum
682 2165 825 2245 grauitate
855 2171 992 2234 eareunt3
1032 2163 1110 2224 band
1146 2166 1248 2247 paullo
1280 2167 1353 2250 plus

198 2287 383 2334 accessurum
407 2277 505 2351 putem
531 2269 597 2330 bnic
625 2265 780 2348 apparatui
806 2264 977 2341 lectionum,
1015 2266 1042 2327 si
1058 2266 1125 2329 uiri
1156 2268 1234 2331 docti
1262 2269 1355 2352 plura

199 2368 351 2434 Glaesaria
381 2378 410 2433 et
438 2367 558 2431 Scbclia
583 2367 692 2431 inedita
720 2367 916 2441 excusserint,
944 2386 1031 2448 qnam
1059 2368 1085 2430 si
1113 2388 1166 2432 nos
1196 2371 1354 2438 duremus

199 2471 297 2534 docem
318 2471 366 2534 uel
388 2471 491 2551 uiginti
512 2489 653 2534 nouorum
672 2469 802 2533 codicum
822 2471 982 2552 scripturis.
1036 2470 1143 2547 Quidni
1165 2481 1258 2535 antem
1276 2475 1355 2540 illud

199 2575 284 2638 unius
306 2573 423 2636 Homeri
445 2574 543 2652 gratio
563 2574 814 2656 operaepretium
835 2574 892 2636 sit?
925 2573 1043 2653 quando
1067 2571 1188 2636 aliorum
1208 2575 1356 2641 librorum

199 2684 342 2750 ueterum,
370 2693 521 2738 sacrorum
544 2675 675 2756 quidem,
706 2677 808 2739 oridca
830 2675 987 2738 illustratio
1008 2675 1159 2738 admodum
1184 2695 1276 2760 nuper
1305 2688 1355 2744 tot

200 2795 293 2862 equos
315 2779 394 2842 uiros
416 2780 559 2855 exercuit,
588 2779 668 2863 ipsos
695 2781 770 2844 adeo
792 2779 935 2862 Europae
962 2777 1033 2840 ines
1062 2795 1200 2857 egressa,
1228 2789 1356 2844 tuntum·

201 2899 258 2962 que
278 2882 375 2944 hausit
399 2899 590 2955 nummorum,
619 2901 740 2961 quorum
761 2883 848 2943 tertia
869 2889 954 2962 parte
978 2900 1092 2964 pauper
1114 2883 1255 2946 Homerus
1283 2905 1356 2948 con-

200 2989 295 3045 tentus
325 2989 411 3044 esset.
464 2981 547 3044 Nune
580 2983 631 3044 ille
660 2985 753 3045 adbuc
781 2983 983 3054 Kenuicuttnm
1007 3004 1091 3046 suum
1121 2995 1286 3066 exspectat,
1321 2999 1355 3052 at

202 3083 327 3162 deniqne
343 3090 469 3158 constet,
491 3084 560 3163 quid
576 3083 690 3147 omuino
705 3085 734 3145 in
749 3086 905 3167 deperditis
919 3088 1137 3163 numerandum,
1155 3090 1242 3152 curius
1258 3090 1355 3155 adbuc

202 3185 287 3268 quasi
309 3203 345 3248 cx
365 3185 529 3268 quisquiliis
552 3188 725 3252 corrodendi
747 3207 814 3271 spes
835 3189 951 3271 reliquo
970 3191 1016 3251 sit.

762 3412 795 3492 l.

306 3592 462 3668 Gandcbo,
490 3593 515 3655 si
534 3595 626 3658 falsus
647 3596 745 3660 luero:
783 3597 850 3661 mibi
875 3617 945 3663 reru
966 3601 1077 3682 parutis
1103 3602 1210 3682 'opibus
1236 3605 1358 3683 aequie-

202 3693 339 3758 scendun
356 3695 485 3778 putanti,
511 3715 597 3777 quam
619 3697 769 3781 Odysseae
789 3710 899 3766 tanum
920 3721 1012 3767 noros
1033 3703 1149 3786 codices
1173 3720 1355 3785 quaererem,

153 3811 187 3866 16
205 3797 300 3859 statim
319 3799 357 3860 ab
380 3815 416 3860 eo
437 3807 581 3881 tenpore,
608 3819 666 3882 quo
694 3811 782 3886 poeta
802 3806 923 3886 primurn
949 3805 979 3866 in
1003 3804 1059 3866 bac
1079 3807 1153 3869 urbe
1175 3809 1242 3869 usui
1267 3811 1358 3872 sobo-

201 3899 296 3962 lerum
325 3907 491 3982 aptaretur,
524 3904 591 3985 ipsu
624 3914 693 3969 bruc
722 3925 811 3970 curae
845 3927 926 3972 meae
961 3909 1109 3972 testinatio
1142 3913 1355 3992 quodammodo

203 4004 325 4064 extorsit
346 4005 403 4066 boc
424 4006 554 4082 consilii,
585 4017 615 4070 ut
635 4009 818 4089 colligendo,
847 4011 1039 4094 quodcunque
1067 4019 1163 4074 textus
1191 4014 1355 4076 rubonibus

203 4105 264 4168 ullo
286 4107 371 4170 modo
392 4107 513 4189 profore
536 4109 698 4187 uideretur,
719 4123 835 4177 strenue
852 4133 896 4178 me
919 4116 957 4178 ad
977 4117 1053 4177 bunc
1072 4117 1251 4179 recensionis
1268 4117 1355 4180 lebo-

201 4225 262 4290 rem
281 4227 424 4291 pararem.
478 4211 624 4293 Quidquid
646 4215 758 4280 interce
781 4219 844 4298 egi,
874 4219 928 4280 eui
947 4217 1088 4282 nonnulla
1107 4239 1151 4284 me
1167 4220 1248 4284 'nafis
1265 4237 1355 4282 oecu-

201 4317 298 4392 patum
329 4314 480 4392 tenebunt,
515 4317 684 4382 subsecirae
716 4336 824 4400 operae
855 4320 987 4397 lueruut;
1028 4322 1182 4404 llonrerum
1207 4341 1354 4404 nunqm
