2976 4900
448 293 451 298 ’
512 323 884 395 11111101111111.
1225 337 1276 404 oo

115 514 181 578 culo
204 512 414 600 praeludatur.
465 510 538 575 Nan
564 514 600 576 de
626 515 705 579 illins
735 518 795 582 loci
820 521 1022 601 ambiguitate,
1052 523 1139 606 eulpa
1162 526 1274 591 minimo

112 619 291 692 Homerica,
322 614 492 698 praesertim
522 617 551 678 iu
583 619 671 681 rebus
694 621 864 698 tritissimis,
895 641 978 686 nemo
1000 625 1102 689 doctus
1123 627 1274 706 dubitabit,

112 734 140 786 et
157 725 220 784 iam
245 721 317 783 olim
337 721 367 780 in
389 736 426 780 ea
445 717 597 783 laborasse
618 729 647 784 et
661 722 831 808 dissensisse
851 729 974 808 putarim
988 729 1173 812 interpretes,
1198 751 1272 814 quo·

111 847 172 889 rum
197 825 298 908 copiis
328 824 359 884 iu
382 821 514 902 Odyssea
535 842 612 886 nanno
634 828 802 907 saepissime
821 846 961 892 caremus.
1010 829 1181 896 Enstatlins
1207 834 1341 915 qui-132

110 933 190 1004 deun,
227 929 316 990 nimis
347 926 502 988 contractis
530 925 560 988 in
589 944 625 988 ea
652 927 778 995 Soboliis
805 949 891 1006 usus,
918 926 1272 1012 conceptionemque

109 1033 231 1096 Homeri
264 1039 293 1092 et
323 1030 446 1103 omnium
477 1029 651 1110 scriptorum
680 1034 858 1097 consuetudo
884 1037 992 1116 posuit,
1025 1039 1188 1116 convica,
1218 1039 1271 1102 sed

108 1139 349 1212 convivatores,
386 1125 463 1205 τούς
489 1125 558 1215 τὴν.
577 1129 674 1195 δαῖτα
706 1125 935 1218 ἓτοιμάζοντας
948 1132 1009 1212 ⁹⁸),
1048 1139 1270 1220 interpretatum

109 1239 213 1320 (idque
253 1236 316 1298 lieri
350 1252 468 1298 necesse
498 1242 557 1306 est,
593 1237 633 1312 si,
672 1239 750 1319 quod
779 1248 883 1302 auctor
912 1239 1017 1321 procul
1050 1239 1138 1304 dubio
1168 1241 1270 1318 voluit,

108 1343 278 1424 proximum
303 1328 335 1400 oi
357 1339 481 1419 pertinet
501 1339 540 1400 ad
561 1335 790 1418 δαιτυμόναςς)
828 1352 887 1404 turm
916 1333 1066 1421 ἀλόχους,
1097 1346 1270 1408 nonninus

108 1445 199 1508 inrito
216 1459 285 1510 usu¹
293 1437 448 1522 loquendi,
470 1443 620 1520 coelice,
645 1449 745 1523 utpote
759 1444 1119 1525 concubinasprooorum:
1146 1463 1271 1510 omnem·

109 1543 1269 1630 mmmmmmmemwfflmmwu

109 1651 255 1716 Menelai.
306 1647 443 1728 Plerique
472 1654 574 1708 eontra
595 1649 774 1711 recentiores
796 1649 889 1730 intpp.
917 1667 976 1711 nou
1005 1652 1046 1713 ita
1072 1653 1160 1716 facile
1188 1673 1220 1716 se
1249 1673 1268 1717 e

109 1751 1268 1834 mefflwmmnhmmfflmmmme

108 1858 226 1942 lapsum
253 1854 400 1917 condonat
420 1854 589 1931 Eustotbio,
613 1873 697 1936 quem
719 1855 850 1936 equidem
869 1857 897 1919 in
919 1877 973 1920 saa
988 1877 1080 1942 opera
1094 1859 1268 1942 compilendi

109 1982 145 2025 ue
166 1962 234 2024 labi
255 1958 371 2041 quidem
393 1958 445 2020 tali
459 1959 544 2022 modo
556 1960 686 2041 potuisse
699 1958 803 2030 oredo;
838 1962 901 2042 ipse
917 1979 990 2031 ‚nero
1005 1955 1140 2040 ἀλόχους
1151 1983 1267 2025 aceres

109 2067 213 2128 neseio
242 2081 316 2144 quas
346 2062 482 2142 filiorum
516 2062 658 2124 Menelai
695 2069 728 2122 et
753 2065 921 2124 amicorum
952 2065 1071 2146 accipit,
1107 2063 1144 2125 de
1172 2065 1266 2126 altero

109 2166 259 2231 uocabulo
283 2173 371 2227 tacet.
421 2164 567 2242 baceno,
601 2165 631 2224 iu
655 2173 780 2243 utroque
801 2162 982 2226 Eustatbium
1004 2181 1145 2243 sequens,
1172 2171 1268 2225 tomen

111 2282 140 2335 et
160 2275 231 2354 ipsa
254 2270 350 2332 adbuc
368 2269 495 2350 Spartae
514 2276 651 2330 moratur.
694 2268 739 2330 Ao
753 2266 855 2329 forsan
873 2266 927 2327 hos
949 2273 977 2327 et
996 2265 1182 2350 uliosplures
1194 2265 1267 2330 illud
1323 2306 1331 2320 ·

109 2376 217 2449 movit,
246 2391 343 2454 neque
374 2373 436 2434 siue
459 2391 563 2447 cansa,
594 2369 672 2452 quod
694 2371 789 2444 θεῖος
810 2363 964 2452 βασιλεὺς
991 2371 1023 2432 in
1049 2371 1105 2433 boo
1133 2352 1268 2434 contentu

107 2479 149 2540 ita
176 2477 284 2539 dictum
304 2474 435 2547 uidetur,
458 2483 490 2537 nt
509 2476 615 2556 aliquis
638 2476 675 2538 ab
695 2474 800 2554 Ulysse
820 2473 986 2536 nominatim
1006 2473 1155 2555 appellato
1168 2473 1269 2536 distin·

108 2589 229 2659 quatur.
272 2577 333 2640 Sed
352 2593 455 2638 rursus
475 2573 561 2662 μῆλα
584 2569 671 2659 ἄγειν
691 2579 722 2638 in
743 2577 908 2638 memoriam
921 2584 1041 2638 reuocat
1059 2591 1183 2657 procos,
1202 2567 1267 2638 αἰεὶ

107 2679 181 2768 μῆλ’
209 2672 304 2743 ἀδινὰ
328 2673 524 2764 depellendae,
555 2682 707 2761 servisque
736 2680 783 2743 uel
811 2678 942 2753 demodis,
973 2695 1094 2742 coenam
1121 2696 1268 2759 appareu-

108 2788 206 2859 tibus,
246 2784 304 2866 ipsi
332 2779 508 2867 μνηστῆρες
542 2801 570 2844 1.
602 2771 674 2846 625.
708 2781 782 2856 bene
811 2781 900 2844 iuncti
927 2781 1020 2844 uideri
1047 2789 1178 2862 possunt.
1229 2783 1268 2842 At

108 2871 252 2971 quidquid
274 2887 377 2948 borum
398 2904 497 2948 reram
515 2893 573 2960 est,
595 2894 623 2946 et
642 2885 743 2946 ubiubi
762 2880 794 2946 bt
813 2885 946 2948 transitio
969 2886 1008 2948 ad
1029 2903 1077 2948 res
1097 2885 1335 2962 lutosaque

107 2989 252 3073 perplexe
281 2989 334 3050 illa
367 2987 397 3050 lit
427 2997 455 3051 et
483 2988 694 3068 ingratissime,
733 3005 828 3069 neque
862 2990 908 3050 bio
938 2989 1092 3052 Homerum
1118 2998 1268 3054 canolam

108 3093 254 3154 audimus.
299 3090 401 3172 ltaque
421 3093 476 3153 nisi
493 3093 615 3166 scirem,
648 3109 734 3172 quam
755 3091 843 3154 laoile
872 3093 902 3154 in
925 3100 1006 3156 tanto
1030 3110 1119 3176 opere
1140 3095 1266 3156 minores

109 3195 289 3258 offensiones
312 3196 517 3258 obumbremur
538 3211 708 3272 magnarum
729 3195 854 3273 partium
876 3197 983 3271 nitore,
1013 3198 1136 3256 mirarer
1157 3197 1267 3258 nullum

108 3299 304 3372 criticorum,
333 3308 415 3361 vates
442 3300 495 3360 bos
526 3296 564 3358 ad
585 3293 737 3372 vulgarem
764 3310 892 3358 normam
921 3296 1144 3382 emendantium,
1172 3296 1266 3357 odbuo
1355 3373 1357 3378 s

107 3410 244 3468 1111111111
267 3393 348 3475 esse,
381 3402 430 3482 qui
453 3408 580 3481 quietatur
603 3394 732 3456 molestis
751 3397 884 3460 versibus
906 3397 1008 3460 deletis
1031 3395 1126 3460 11111111
1147 3396 1266 3459 similem

107 3506 221 3568 laceret
250 3501 294 3564 illi
328 3509 356 3586 ρ.’
392 3506 480 3578 lob,
516 3517 607 3582 seque
640 3498 740 3580 primis
769 3498 945 3581 politoribas
975 3500 1077 3563 borum
1102 3498 1266 3567 domnum

109 3609 297 3687 adiungeret.
343 3609 401 3684 Qui
423 3609 448 3669 si
468 3603 541 3668 illud
565 3604 632 3666 olim
653 3603 806 3681 iecissent,
828 3604 870 3665 uti
892 3597 942 3667 eos
965 3603 1036 3667 alibi
1059 3623 1147 3689 saepe
1160 3606 1266 3672 iecisse

108 3709 252 3774 credibile
276 3718 334 3785 est,
353 3710 504 3774 ueletiam
524 3729 552 3772 1.
573 3709 648 3769 625.
670 3707 781 3768 initium
802 3706 871 3769 nori
893 3706 961 3768 libri
984 3712 1163 3790 posuissent,
1184 3720 1264 3774 certo
1314 3754 1317 3761 -

107 3815 197 3880 oredo
226 3814 354 3876 lucturum
382 3812 490 3888 luisse,
521 3820 553 3874 ut
579 3809 720 3876 tantulum
747 3827 867 3886 acumen
895 3809 1015 3892 ingenia
1043 3814 1166 3876 ommam
1193 3821 1265 3876 tem-

106 3937 213 4002 porum
235 3915 395 3980 deluderet.
442 3915 503 3980 lam
531 3922 649 3996 praeter
676 3912 842 3993 opinionem
871 3929 918 3975 res
946 3911 1059 3975 occidit.
1107 3913 1180 3975 llam
1210 3917 1264 3979 etsi

157 4182 210 4251 98)
228 4177 262 4234 Et
280 4179 349 4236 bauo
367 4183 499 4238 rationem
518 4183 602 4254 vulgo
622 4183 684 4236 oliuu
702 4180 829 4236 traditam
846 4185 919 4250 pute.
963 4177 1005 4234 lta
1029 4177 1103 4236 brev.
1125 4180 1215 4238 Sobel.
1234 4184 1264 4234 ot

214 4263 394 4420 Zoippo&
422 4264 534 4337 llespcb.
553 4267 579 4321 b.
600 4268 638 4339 gl.
657 4271 791 4334 extrema,
817 4262 973 4338 μάγειροι,
1000 4266 1124 4324 similiter
1149 4265 1262 4338 Etpmol.
