2944 4900
195 245 239 317 38
584 246 960 312 Pncnnccmsttt.

146 439 190 498 64'
298 435 382 500 Adeo
405 453 472 498 sero
494 433 658 498 litteratura
680 432 857 496 Graecorum
884 433 1021 496 absoluta
1047 439 1091 494 est
1120 441 1150 494 et
1180 431 1301 494 redacta
1324 435 1358 496 in

198 535 343 613 ordinem,
372 538 509 621 primum,
527 545 569 600 -ut
592 535 687 598 multis
713 534 749 597 do
775 537 871 598 causis
893 537 1034 618 coniicio,
1060 537 1092 597 in
1117 535 1154 596 iis
1179 535 1358 605 ciuitatibus,

199 657 276 722 qnae
300 639 430 704 Siciliam
453 622 482 702 et
502 640 643 719 Magnam
666 637 817 700 Graeciam
838 639 990 712 tenebant,
1019 647 1077 702 tun
1106 639 1136 700 in
1156 637 1210 700 illu
1230 639 1358 718 posthac

197 740 359 806 litterarum
379 743 628 807 conficientissima
648 742 736 816 urbe,
757 742 887 805 Athenis.
920 741 979 804 Sed
1000 740 1158 805 carendum
1181 749 1225 801 ost
1240 760 1358 816 rursus,

199 863 237 908 uc
257 855 315 908 tam
336 863 432 910 serum
453 863 535 908 nsum
556 843 702 908 scribendi
721 845 888 920 credamus,
911 852 962 904 aut
980 845 1010 906 in
1027 844 1102 905 omui
1116 843 1240 905 Graecia
1254 844 1360 906 eodem

200 955 329 1029 tempore
356 947 522 1012 institutum.
574 949 660 1012 lones
686 923 819 1029 qudem*
832 966 920 1029 quum
946 955 989 1010 tot
1011 932 1085 1009 aliis‘
1105 947 1192 1008 rebus
1215 946 1360 1030 Europae

201 1059 346 1130 cognatae
375 1049 536 1133 exemplum
568 1050 710 1112 nitidioris
738 1052 830 1114 cultum
859 1051 962 1112 darent
992 1057 1020 1111 et
1051 1050 1166 1110 bomani
1194 1059 1223 1112 et
1252 1051 1359 1127 ciuilis,

202 1160 371 1234 matureque
391 1153 480 1214 uariis
500 1152 611 1215 artibus
631 1161 660 1214 et
680 1153 856 1216 commerciis
871 1153 1023 1225 florerent,
1044 1149 1092 1212 nel
1108 1159 1221 1213 tacente
1235 1153 1361 1216 historia

152 1253 359 1320 inverisimile
380 1264 470 1332 esset,
498 1273 549 1318 eos
570 1256 656 1318 buius
669 1271 799 1344 ,qrtoqne
819 1253 993 1336 praeclarae
1012 1255 1056 1316 rei
1077 1253 1226 1316 utilitatem
1246 1257 1360 1337 primos

204 1358 442 1422 animaduertisse
471 1364 500 1420 et
534 1358 572 1420 ad
599 1373 666 1420 eam
695 1357 818 1419 studium
845 1364 874 1419 et
903 1357 1050 1436 ingenium
1078 1358 1235 1420 contulisse
1263 1378 1360 1422 sunm.

204 1461 318 1542 Quippe
339 1461 398 1522 illis
420 1460 631 1542 exspectandus
660 1437 719 1522 uon
742 1460 796 1520 ierit
825 1459 1009 1522 Callistratus
1033 1459 1162 1534 Samius,
1192 1467 1223 1520 ut
1245 1460 1360 1542 aliqrrid

115 1637 118 1648 Ι
204 1563 313 1644 scripto
335 1563 511 1642 consignare
532 1570 688 1625 tentarent:
716 1563 772 1624 iam
792 1572 859 1624 auto
879 1563 955 1624 huuc
968 1579 1079 1644 papyro
1095 1560 1140 1622 usi
1164 1571 1245 1643 snut;
1272 1563 1360 1626 immo

204 1673 272 1728 ante
292 1663 466 1728 Simonidem
494 1672 523 1727 et
542 1663 744 1749 Epicharmium
765 1663 882 1732 inerunt
904 1664 988 1750 lyrici
1012 1672 1133 1746 potae,
1161 1673 1191 1726 et
1215 1665 1308 1728 lonioi
1331 1677 1362 1729 et

202 1766 333 1842 Aeolici,
368 1767 419 1847 qni
452 1764 505 1827 illo
543 1766 716 1829 adminiculo
728 1805 737 1822 .-
749 1766 947 1829 faciendorum
987 1766 1150 1829 Garminum
1177 1785 1279 1830 carere
1309 1771 1362 1834 rix

203 1875 332 1951 possent.
374 1868 508 1948 Denique
528 1867 558 1928 in
583 1885 620 1930 ea
645 1869 776 1946 minute,
805 1887 883 1950 quae
911 1870 1058 1960 antiquum
1084 1870 1270 1954 alphabetum
1295 1873 1362 1934 dlo-

203 1973 313 2036 tissime
334 1971 466 2045 reducit,
497 1969 610 2052 Olymp.
631 1965 772 2033 XXXlX.
792 1973 1042 2060 minor0ncmerns
1060 1961 1224 2036 ¹litterarum
1246 1969 1363 2038 suffecit

203 2075 348 2140 Dracords
369 2074 485 2156 legibus
504 2074 656 2156 ponendis.
701 2074 893 2152 Qrddoiidem
914 2093 1051 2138 numerus
1070 2075 1217 2140 suffecerit
1229 2080 1362 2144 maximis
1450 2059 1451 2118 i

204 2178 412 2251 uoluminibus,
448 2177 474 2237 si
498 2175 585 2238 modo
617 2195 652 2238 oa
679 2185 738 2239 tum
766 2180 874 2240 usitata
902 2179 1032 2254 luerunt,
1068 2181 1129 2242 sire
1159 2198 1197 2242 ex
1223 2180 1362 2262 pellibus,

205 2279 277 2340 siue
298 2289 336 2340 ex
362 2295 475 2360 papyro
503 2279 671 2360 Aegyptia?
712 2280 750 2342 Et
777 2283 836 2342 iam
862 2280 974 2364 aliquot
1006 2281 1089 2343 annis
1120 2292 1195 2344 ante
1213 2283 1362 2347 Draconis

204 2381 404 2460 magistratum
432 2377 577 2442 benoncia
601 2380 799 2446 Psammetichi
825 2387 975 2466 Aegyptus
990 2383 1153 2465 -peteiacta
1185 2383 1248 2448 erat
1281 2405 1363 2450 com-

205 2485 319 2547 merciis
346 2484 461 2572 lunum,
489 2489 521 2544 nt
542 2481 710 2547 facultatem
735 2488 840 2568 papyri
867 2487 977 2550 babere
1001 2488 1158 2568 potuerint.
1207 2489 1262 2552 Cui
1288 2509 1363 2554 con·

204 2587 333 2649 iacturae
354 2603 392 2648 ue
410 2586 550 2648 maurim
570 2587 641 2650 lides
663 2588 791 2664 deesset,
816 2608 903 2671 qnam
923 2589 1024 2672 paucis
1046 2592 1142 2654 uerbis
1161 2609 1235 2674 opas
1256 2593 1363 2657 inbuet

204 2688 371 2763 Herodoto,
393 2688 449 2751 nisi
469 2688 588 2754 Graecia
609 2692 773 2773 scripsisset
791 2694 880 2756 solis!
908 2693 991 2756 Nunc
1009 2695 1039 2755 in
1057 2695 1156 2776 primis
1173 2697 1296 2760 molesta
1316 2707 1363 2761 est

206 2792 368 2854 obscuritas
385 2791 508 2854 ducrum
522 2793 722 2866 saeculorum,
743 2796 838 2858 octavi
853 2803 881 2856 et
895 2797 1005 2878 septimi
1019 2807 1086 2860 ante
1102 2797 1187 2873 cnr,
1208 2801 1240 2862 in
1254 2803 1362 2883 quibus

205 2893 258 2954 illa
278 2911 351 2970 geas
372 2893 519 2972 igniculos
540 2895 733 2975 politissimos
745 2898 927 2960 inmanitatis
947 2897 1058 2962 dudum
1073 2910 1224 2984 susceptos
1238 2907 1363 2985 egregie
1449 2929 1450 3018 p

311 3143 345 3198 ad
363 3142 404 3198 01.
424 3143 538 3210 xctttt,
563 3149 589 3203 t.
632 3147 744 3202 tiedron.
773 3155 800 3202 ct
818 3147 914 3206 Poscb.
940 3153 1037 3208 librom.
1067 3154 1105 3216 aul,
1128 3155 1226 3224 XCVI,
1251 3165 1276 3215 4.
1300 3173 1361 3214 cnm

311 3229 400 3286 Sebol.
418 3232 452 3286 ad
471 3229 561 3304 Eurtp.
581 3233 681 3288 Pboou.
699 3233 774 3298 688„
796 3234 839 3288 nbi
856 3243 931 3292 vetos
947 3241 1064 3293 variatos
1078 3247 1187 3296 notatur
1200 3257 1231 3297 ex
1243 3246 1362 3313 pristino

312 3333 386 3372 ntorc
404 3320 556 3386 scribendi,
576 3328 617 3390 σῷ
636 3340 681 3377 νιν
695 3318 804 3391 ἐκγόνῳ
819 3328 844 3376 cl
858 3328 908 3374 σοί
921 3341 967 3377 ’νιν
982 3324 1107 3394 ἔκγονοι,
1140 3326 1178 3381 lbi
1194 3343 1216 3380 t.
1231 3327 1362 3386 Valcken.

312 3409 417 3474 pando.
440 3409 542 3463 occsa.
586 3407 605 3467 1.
626 3406 656 3462 G.
676 3405 754 3460 Voss.
774 3406 1018 3479 oe.trtegramrr.
1038 3409 1065 3476 l,
1092 3415 1134 3467 30.
1156 3428 1180 3482 p.
1202 3419 1259 3468 tib.
1295 3413 1361 3468 Sal-

313 3489 998 3562 mmdfflmdmfflmflmwbffllpfflb
1043 3494 1359 3565 fflmffiflm.§ffi.

312 3569 424 3624 Wesse-l.
445 3571 478 3624 ad
499 3571 579 3628 Potiti
596 3573 652 3629 LL.
671 3573 726 3630 Ab
748 3591 772 3642 p·
792 3577 849 3631 194.
895 3577 1002 3634 Corsici
1027 3579 1099 3636 last.
1120 3581 1173 3638 citt.
1199 3582 1232 3640 T.
1261 3584 1306 3640 ttl.
1335 3604 1362 3658 p⁸

311 3657 372 3710 276.
419 3654 486 3711 llnie
510 3664 646 3727 postremo
675 3657 890 3715 trudamstuour
914 3663 1022 3734 Syriaci
1048 3667 1081 3720 ad
1112 3665 1238 3738 Hermog.
1261 3687 1287 3740 p.
1319 3680 1363 3730 17.
1407 3701 1412 3706 -

312 3753 405 3808 parom
425 3743 574 3812 explicitam
593 3743 829 3808 notitiam-babet,
856 3763 934 3818 qnam
964 3745 1071 3806 connino
1096 3751 1131 3806 ab
1151 3755 1212 3808 istis
1230 3758 1362 3825 compila-

312 3825 418 3882 toribus
437 3844 490 3884 noo
509 3837 656 3900 exspectes.
700 3831 772 3886 Satis
793 3839 847 3895 est,
872 3839 1016 3892 convenire
1035 3854 1127 3895 omnes
1156 3843 1181 3894 iu
1201 3857 1361 3899 rcarrruma.
1448 3823 1449 3852 ³

312 3911 434 3966 Getarum
460 3911 522 3968 bino
550 3921 678 3985 apparet,
707 3931 776 3985 quae
802 3915 874 3972 dieta
899 3923 935 3974 stt
957 3923 1027 3992 apud
1056 3924 1232 3982 rltlreuiooses
1258 3927 1273 3994 ἡ
1298 3933 1362 4001 μετ’
1448 3899 1449 3912 ¹

312 3995 472 4063 Εὐκλείδην
490 3998 680 4071 γραμματική,
718 3999 796 4054 Prius
820 4007 942 4059 ustilatae·
954 4007 1061 4064 litterae
1079 4018 1208 4064 vocantur
1235 4013 1362 4088 ὴγραμ·

310 4081 416 4152 matrab
434 4082 541 4157 ἀρχαία
554 4102 609 4153 ,scu
634 4084 744 4140 {trctari
764 4086 928 4161 γράμματα.
975 4090 1031 4148 Etsi
1050 4094 1083 4150 tle
1102 4093 1144 4150 his
1160 4095 1284 4162 &tersae
1300 4108 1364 4155 nuni

312 4171 462 4224 sententiae
483 4170 635 4228 ductorum:
671 4191 695 4229 v.
717 4171 785 4244 lotp.
811 4175 846 4230 ad
870 4174 1029 4249 llarpucrat.
1057 4197 1080 4235 t.
1109 4179 1246 4244 Ἀττικοῖς
1267 4182 1364 4258 γράμ-

278 4273 280 4281 s
311 4267 384 4321 μασι
403 4259 453 4308 etc.
