2976 4900
511 302 879 401 rooneeomnnn.
1225 339 1267 406 ss

109 525 193 581 certo
216 518 380 583 testimonio
411 519 572 602 scriptoris.
623 521 708 598 Quod
731 523 805 586 enim
828 543 850 586 a
878 521 1024 586 nonnullis
1049 521 1170 604 aliermr
1197 526 1266 590 Pla-

106 624 206 697 tonis,
234 623 309 686 illud
331 625 367 684 iu·
382 623 440 684 isto
463 621 601 700 contextu
622 623 661 684 ad
685 624 813 708 quernds
836 634 963 704 amorem
983 643 1090 689 scenae
1111 629 1265 694 transferri

106 734 247 808 potuerat
261 718 316 801 ²²).
371 724 517 800 Quoohea
544 742 603 786 non
632 725 748 801 dubito,
784 727 854 807 quin
883 728 1074 808 antiquissimi
1098 731 1263 814 philosophi

106 836 246 891 auctores
270 827 517 908 interpretationis
543 827 670 890 habendi
695 829 768 902 sint,
796 839 825 891 et
854 831 938 892 initio
969 831 1083 911 quidem
1109 849 1262 914 πραγμα-

104 929 207 1015 τικῆς.
252 930 325 992 llam
346 933 501 995 verborum
520 930 685 1000 obscuritas
707 931 767 991 iliis
781 931 907 992 saeculis
919 930 1078 1006 ¹admodum
1093 935 1175 996 nulla
1187 944 1260 1011 enat,

104 1033 228 1114 qnando
247 1034 349 1096 eadem
371 1033 467 1096 forma
487 1033 628 1100 orationis
646 1033 783 1115 usurpari
802 1032 916 1102 solebat
946 1033 984 1096 ab
1007 1034 1114 1114 optimo
1141 1053 1260 1117 quoque

102 1143 267 1217 politanum.
319 1135 435 1198 Verum*
448 1133 614 1216 philosophi
639 1153 731 1215 quun
755 1135 905 1209 viderent,
941 1149 1027 1198 sacra
1053 1137 1155 1200 heberi
1185 1137 1261 1208 (lars

100 1239 199 1312 mina,
220 1235 421 1318 celebrarique
444 1237 519 1304 omni
540 1237 667 1320 populo,
691 1255 728 1301 ex
749 1237 844 1317 iisque
865 1236 943 1299 ritae
965 1244 1044 1299 reete
1065 1229 1258 1322 instituendae

99 1340 378 1420 praecepta-sumi,
415 1357 510 1420 neque
540 1346 635 1426 tannen
662 1340 756 1408 iniis
787 1355 848 1400 non
877 1337 1138 1404 animaduerterent
1166 1343 1258 1408 multa

97 1442 198 1516 falso,
220 1439 343 1504 ridicule
363 1450 392 1504 et
413 1439 554 1504 indecore
568 1441 640 1520 tingi
661 1441 823 1503 denatura
845 1440 1015 1518 deorumst
1034 1459 1144 1519 rerum,
1167 1445 1257 1510 inter·

96 1546 266 1630 pretatione
287 1547 342 1606 sna
356 1544 518 1622 *corrigere
548 1543 680 1619 fabulas,
707 1552 795 1624 atque
818 1541 856 1620 ad
883 1543 1030 1623 physicam
1058 1552 1087 1606 et
1114 1543 1258 1610 moralem
1272 1556 1323 1612 161

97 1647 269 1712 doctrinam
285 1662 358 1709 suae
380 1646 484 1707 aetads
505 1646 738 1722 accommodare,
769 1644 894 1725 deniqne
923 1645 1060 1708 historias
1089 1649 1254 1730 etreliqua

94 1752 180 1814 fere⁴
196 1749 360 1828 omnis-ad
385 1745 538 1809 involucra
563 1748 727 1828 exquisitae
754 1747 916 1828 sapientiae
929 1747 1059 1810 trabere
1085 1759 1252 1830 coeperunt.

92 1853 164 1916 Hoc
186 1853 215 1914 in
236 1869 345 1931 genere
365 1851 422 1911 iam
443 1850 522 1911 eirea
543 1849 654 1931 olymp.
666 1849 791 1925 'LXlll.,
812 1851 843 1911 in
863 1868 922 1930 qua
933 1849 1102 1916 Pisistratus
1120 1851 1252 1930 decessit,

93 1955 274 2018 elaborabat
301 1950 476 2030 Tbeagencs
501 1949 667 2031 Rheginus,
704 1971 773 2014 mox
809 1953 1006 2030 Anaxagoras
1040 1952 1251 2028 Clazomenius,

90 2055 290 2121 Metrodorus
312 2055 543 2136 Lampsacenus,
572 2053 778 2116 Stesinbrotns
801 2053 1061 2133 Tbasinsaliique
1082 2045 1153 2116 aevi
1173 2057 1251 2117 eius·

87 2160 164 2223 dem
181 2151 233 2234 ²³).
281 2155 372 2219 Pauci
399 2165 508 2222 contra,
530 2155 597 2231 alii,
624 2165 656 2218 ot
683 2149 883 2236 Pythagoras,
910 2154 1124 2234 Xenophanes,
1156 2155 1251 2218 llere-

93 2343 412 2368 -n———s-

129 2457 182 2526 22)
200 2453 266 2510 Ione
283 2471 308 2525 p.
328 2461 380 2514 530
409 2456 438 2512 G.
460 2454 518 2512 ’οὐ
537 2453 592 2527 γὰρ
612 2451 729 2523 γένοιτό
747 2474 820 2510 ποτε
838 2452 989 2530 ῥαψῳδός,
1010 2453 1098 2529 εΐμή.
1111 2459 1194 2529 συνίῃ
1214 2456 1248 2512 τὰ

201 2537 345 2612 λεγόμενα
367 2538 425 2598 dud
445 2545 495 2593 τοῦ
513 2544 643 2605 ποιητοῦ.
683 2537 743 2593 Τὸν
761 2539 816 2613 γὰρ
836 2539 978 2614 ῥαψῳδὸν
995 2539 1123 2614 ἑρμηνέα
1139 2541 1186 2594 δεῖ
1197 2548 1248 2596 τοῦ

202 2631 326 2692 ποιητοῦ
343 2631 391 2690 τῆς
410 2624 540 2684 διανοίας
557 2629 712 2694 γίγνεσθαι
730 2628 792 2682 τοῖς
811 2621 976 2680 ἀκούουσιν.
1020 2623 1176 2694 speciosius
1196 2630 1247 2690 est,

202 2710 273 2782 qnod
298 2711 443 2780 respondet
472 2709 518 2776 lo,
536 2712 625 2778 ‘posse
657 2721 687 2760 se
707 2701 850 2762 adtinere·
867 2706 1033 2782 ἀνθρώπων
1060 2692 1159 2778 λέγειν’
1179 2711 1249 2782 περὶ

199 2793 337 2870 Ὁμήρου,
349 2809 445 2867 eaque
465 2799 492 2848 in
512 2810 541 2848 rc
561 2799 666 2846 certare
683 2793 947 2862 oam‘interpretibus
958 2792 1074 2860 optimis.
1104 2789 1136 2844 ln
1149 2793 1247 2845 ceteris

201 2881 306 2953 quidem
325 2879 369 2934 hio
388 2879 537 2952 pulchellus
555 2881 690 2947 interpres
710 2867 779 2929 nilnl
800 2877 907 2948 prolert
924 2883 1000 2930 tanto
1024 2874 1099 2928 biatu
1123 2874 1247 2945 dignumne

200 2967 251 3022 sed
267 2969 388 3036 potuerit
404 2965 431 3019 id
451 2966 559 3030 iacere,
578 2965 607 3018 ‘ut
627 2961 827 3034 Splenbemius*
842 2959 952 3030 censet,
969 2977 1022 3016 non
1042 2961 1195 3030 quaerimus
1213 2959 1247 3014 de

200 3050 344 3122 rhapsodis
357 3052 456 3106 aetatis
470 3049 641 3114 Platonicae,
661 3048 708 3129 scpl
727 3047 759 3106 de
774 3050 893 3118 anitiquis
906 3045 1108 3102 successoribus
1126 3043 1246 3104 ἀοιδῶν.

200 3137 241 3192 ct.
260 3154 286 3207 p.
304 3139 364 3208 535.
382 3134 414 3188 A.
771 3167 780 3182 .
806 3195 808 3200 Α

123 3238 174 3302 23)
191 3234 274 3296 ,Plato
296 3235 360 3288 lonc
384 3235 404 3290 l.
431 3247 452 3286 c.
471 3229 594 3302 Xenoph.
618 3230 708 3302 Symp.
731 3229 785 3294 ΙΙΙ,
811 3236 844 3294 3,
870 3231 895 3286 6.
921 3228 1000 3298 Diog;
1019 3226 1110 3280 Laert.
1137 3227 1175 3293 ll,
1203 3233 1243 3283 11:

200 3311 309 3375 Tatian.
328 3319 388 3373 adr.
409 3315 502 3372 Gnaeo.
523 3325 565 3384 37„
585 3320 627 3374 te.
660 3314 736 3368 (loni.
758 3313 841 3382 Bayle
860 3311 927 3365 Diet.
943 3329 968 3367 r.
984 3311 1105 3383 Anaxeg.
1118 3307 1149 3367 ‘ct
1162 3313 1245 3373 Mon·-

161 3467 166 3470 ,
198 3406 290 3475 boddo
311 3403 427 3459 Aneient
452 3401 636 3471 Metapbpsies
660 3397 720 3452 Vol.
750 3394 794 3451 ΙΙΙ.
826 3413 851 3466 p.
877 3399 934 3451 108.
985 3393 1024 3450 Ex
1048 3401 1165 3466 quatuor
1188 3397 1244 3451 illis

199 3479 360 3560 'l'beagenes
378 3483 421 3544 h'is
442 3477 569 3543 laudatur
590 3488 618 3538 in
638 3481 772 3548 Seboliis,
797 3485 858 3536 item
883 3481 926 3535 bis
944 3480 1138 3552 Anaxagoras,
1161 3483 1245 3536 semel

197 3573 373 3630 Metrodorus
392 3573 425 3628 od
445 3579 599 3640 aeter.
619 3572 693 3634 251,
723 3567 917 3628 Stesimbnotus
941 3573 984 3620 ter
1009 3570 1032 3621 1.
1055 3570 1115 3626 635.
1135 3588 1160 3621 ο.
1182 3572 1242 3626 193.

201 3680 233 3732 φ.
252 3664 297 3720 76.
316 3649 360 3714 bie
378 3663 406 3714 in
426 3658 515 3714 Scltol.
534 3656 674 3726 Apollonii
692 3651 741 3708 ΙΙΙ.
761 3660 787 3708 et
806 3657 833 3708 in
854 3652 966 3723 Etymol.
994 3651 1033 3707 M.
1058 3671 1084 3724 p.
1102 3661 1162 3711 277.
1182 3657 1242 3711 465.

197 3744 311 3798 Additur
335 3759 352 3799 a
375 3743 488 3799 Plutone
514 3741 632 3808 Glauco,
657 3740 750 3793 ionsan
775 3740 822 3793 ille
848 3739 935 3794 Teius
957 3735 1141 3814 aphristot.
1166 3731 1245 3793 Rbet.

195 3825 248 3893 Ill,
280 3836 321 3895 1.,
353 3831 398 3898 qui
420 3829 452 3883 de
469 3831 577 3898 tragice
597 3843 646 3882 seu
663 3824 826 3900 rhapsodiea
851 3827 957 3878 actione
982 3826 1154 3893 scripserat..
1180 3820 1241 3876 Nisi

196 3915 287 3985 potius
311 3913 444 3983 placuerit
466 3911 653 3982 Sydenbamii·
667 3897 883 3970 οοττζῖΓΙαῦκος
907 3914 1018 3980 propter
1042 3904 1130 3958 schot.
1157 3905 1191 3958 ad
1217 3909 1241 3959 t.

197 4001 273 4063 635„
293 3997 340 4060 uhi
360 3993 477 4052 Glaucus
495 3995 668 4068 subiungitur
687 3993 874 4054 Stesimbroto.
911 3992 1001 4047 Minas
1022 3991 1101 4044 etlam
1120 3991 1242 4044 norimus

197 4073 426 4138 Anaximandrum
443 4080 640 4152 Xenophontis.
677 4078 743 4132 Nam
770 4080 858 4132 clarus
889 4075 1037 4152 discipulus
1063 4071 1185 4128 Thaletis
1210 4090 1244 4130 ex

197 4171 305 4225 ratione
322 4172 473 4236 temporum
491 4181 545 4219 non
562 4153 652 4238 potuit
675 4179 735 4218 esse
753 4161 874 4217 Nicerati
898 4162 1046 4230 magister:
1066 4162 1243 4230 cognominis

195 4251 267 4322 lilius
294 4253 368 4308 iilius
393 4252 482 4321 potnit
506 4264 582 4324 essoq
622 4257 651 4306 at
682 4263 716 4304 no
739 4245 773 4302 do
802 4246 853 4300 boe
885 4245 991 4316 quidem
1017 4243 1074 4299 tale
1101 4244 1244 4317 quidquam

194 4336 304 4408 legitur.

128 4437 219 4482 vcors.
239 4438 331 4489 enonas.
1016 4417 1037 4482 7
