2944 4900
216 293 237 360 2
609 287 985 352 rhoncoohtnlth:

216 495 309 561 prope
330 475 425 551 aliud,
447 495 533 556 quam
556 477 664 557 passim
684 475 829 540 exstantia
852 475 989 554 aliquove
1010 472 1087 535 libro
1109 471 1227 554 prodita
1250 472 1380 535 uulnera

219 597 325 643 sanare
350 579 499 653 uolumus;
538 579 758 640 transmittimus
771 578 872 660 plura,
904 575 941 638 erl
961 593 1082 637 sensuum·
1097 573 1212 655 quidem
1236 575 1318 636 hona
1351 584 1381 638 et

220 681 400 753 tolerabilia,
425 681 477 741 seul
499 681 536 744 ad
551 684 752 744 autoritatem
763 679 854 746 nihilo
869 676 990 740 meliora
1004 677 1147 758 pessimis.
1184 679 1265 739 lustu
1280 687 1380 740 autem

220 784 368 856 recensio,
393 783 533 844 honorum
552 784 804 852 instrumentorum
817 783 940 846 omnium
958 779 1065 859 stipata
1078 780 1245 859 praesidio,
1267 781 1381 862 uhique

220 904 318 951 uerum
342 903 454 945 manum
481 884 630 964 scriptoris
654 886 791 960 rimator3
827 885 987 966 scripturae
1017 880 1175 959 cuiusque,
1202 899 1262 943 nou
1289 883 1380 944 modo

222 995 389 1069 suspectae,
416 993 505 1052 testes
528 986 630 1048 ordine
649 988 829 1066 interrogat,
859 995 886 1048 et
911 999 1006 1063 quam
1022 999 1120 1042 omnes
1143 990 1289 1056 annuunt,
1319 1002 1382 1044 non

116 1069 119 1074 Ι
222 1093 279 1154 uisi
309 1089 487 1170 grauissimis
526 1087 562 1149 rle
599 1089 695 1149 causis
726 1090 793 1151 loco
830 1094 940 1157 mouet;
973 1083 1048 1159 alic,
1080 1103 1135 1165 per
1171 1104 1203 1148 se
1232 1086 1381 1167 scriptore

188 1193 408 1274 bdignissimo,
431 1198 460 1252 et
480 1190 519 1253 cul
539 1191 689 1254 ueritatem
710 1189 959 1268 serr-,elegantium
980 1187 1140 1248 sententiae
1162 1189 1284 1268 optime,
1320 1207 1382 1250 non

223 1297 280 1358 nisi
299 1291 510 1370 suffragatione
533 1293 648 1354 testium
669 1292 788 1372 reeipit;
815 1289 893 1351 haut
914 1310 984 1354 raro
999 1292 1092 1366 arleo,
1114 1289 1289 1369 cogentibus
1310 1289 1383 1364 illis,

222 1413 278 1478 pro
300 1393 429 1458 venustis
450 1393 538 1454 insert
560 1395 652 1456 miuus
674 1403 812 1468 renuma3
835 1393 1012 1474 emplastris
1036 1393 1139 1456 solutis
1154 1391 1256 1454 ulcera
1271 1390 1383 1461 undem

223 1498 349 1576 clerique
370 1511 427 1556 nor
450 1504 610 1557 monstratu
631 1497 740 1565 solum,
762 1506 794 1558 ut
814 1495 882 1558 mali
901 1495 1021 1569 medici,
1044 1495 1096 1556 seul
1117 1503 1147 1556 et
1167 1493 1289 1555 latentia
1307 1493 1384 1555 ritia

225 1607 317 1663 curat
366 1597 429 1658 llao
451 1595 482 1657 ir
504 1597 619 1658 rstiuue
646 1600 758 1660 tametsi
778 1599 899 1677 iugenio
927 1607 956 1660 ct
981 1599 1038 1659 arti
1060 1597 1244 1660 coniectandi
1266 1597 1384 1678 minime

224 1703 308 1766 locos
331 1699 426 1774 Μ,
446 1706 541 1762 tamen
558 1699 698 1777 quoniam
717 1703 807 1762 omme
829 1701 934 1762 ueteris
954 1701 1119 1781 scripturae
1130 1699 1202 1760 hules
1225 1700 1263 1760 ah
1283 1699 1385 1760 incor-

225 1804 318 1885 ruptis
341 1799 529 1864 monuments
549 1799 670 1879 pendet,
698 1809 770 1862 unte
797 1802 893 1862 onmia
916 1810 964 1862 est
988 1802 1213 1876 elaborandum,
1241 1799 1272 1863 tt
1301 1801 1384 1883 quorl

224 1905 290 1968 lieri
312 1909 390 1966 certe
414 1901 514 1982 nequit
534 1902 597 1962 sine
618 1903 754 1982 iugenio,
778 1911 809 1964 ut
821 1903 959 1978 tortium,
982 1903 1060 1966 urle
1075 1905 1215 1986 cuiusane
1229 1903 1385 1985 scriptoris

120 2041 125 2051 ,
226 2015 322 2070 textus
350 2005 517 2078 hauriatur,
553 2006 748 2086 proprietates
781 2015 811 2068 et
841 2005 1018 2084 singularem
1044 2015 1180 2068 naturam
1206 2014 1385 2077 scrutamur3

226 2110 326 2174 rarior
348 2115 451 2181 testes,
478 2124 533 2187 per
556 2107 669 2170 clauses
694 2117 723 2170 ct
748 2101 874 2170 familias
892 2108 1068 2192 riispssitos,
1097 2127 1134 2174 en
1162 2125 1220 2172 sua
1239 2126 1385 2190 quemque

227 2210 327 2272 indole
348 2211 513 2280 metiamur,
537 2218 626 2288 atque
644 2211 806 2272 ealliditate
827 2210 968 2290 quadam,
995 2227 1051 2272 nec
1070 2211 1126 2274 illa
1150 2221 1246 2274 temen
1265 2211 1385 2294 cupida,

229 2329 329 2374 eornm
351 2319 488 2390 tanqum
506 2325 595 2372 uoces
616 2320 749 2374 etentes
773 2314 908 2394 excipere
930 2313 1086 2374 rliscanrus.
1127 2313 1241 2377 Etenim
1262 2315 1294 2376 in
1315 2315 1386 2397 plu-

226 2415 307 2477 rimis
328 2414 417 2474 relius
436 2420 465 2474 et
487 2411 614 2489 Critico,
646 2421 674 2477 et
695 2415 860 2494 quicumque
877 2416 935 2476 sihi
959 2433 1020 2477 rem
1040 2417 1206 2480 historicen
1227 2421 1388 2499 exquiren-

230 2517 297 2580 dam
321 2515 454 2596 sumpsit,
480 2514 620 2575 tmhsrnlu
643 2525 692 2576 est
714 2519 784 2580 honi
813 2518 916 2579 iudicis
949 2520 1128 2582 consecuto
1151 2529 1183 2582 et
1209 2521 1387 2602 prumentia3

229 2620 280 2700 rpou'
296 2620 398 2700 prius,
427 2617 498 2698 quid
523 2625 611 2679 testes
632 2617 773 2694 afferant,
799 2620 877 2686 lente
902 2619 1052 2700 explorat,
1084 2629 1113 2684 et
1135 2623 1228 2684 omnia
1249 2625 1389 2690 ueritatis

228 2728 401 2800 argumenta
420 2720 546 2800 colligit,
577 2739 660 2802 qurum
675 2725 730 2800 {rei
754 2732 857 2803 gestae
879 2722 1072 2786 coniecturum
1095 2745 1176 2786 suam
1196 2727 1389 2809 interponere

229 2823 346 2885 audeat.
385 2825 432 2884 Ac
452 2841 489 2884 ure
510 2833 607 2903 potest
625 2826 840 2904 quietumlieri,
863 2834 895 2886 ut
912 2826 962 2906 qui
976 2827 1078 2906 paucis
1094 2826 1258 2905 codicibus,
1276 2833 1387 2912 quoles

228 2923 319 3001 uulgo
341 2929 512 2996 occurrunt,
540 2923 634 2986 trrrtrrs
656 2927 850 2987 coniecturam
877 2930 1007 3008 quemuis
1027 2930 1216 3008 sagacissime
1236 2945 1388 3011 exerceat,

229 3025 260 3086 in
289 3021 384 3084 multis
413 3031 539 3086 solcum
564 3043 599 3088 ac
624 3045 794 3106 germanam
822 3031 993 3112 smipturum
1022 3041 1204 3113 assequatur.
1254 3037 1328 3098 llam
1354 3049 1389 3101 nt

225 3126 261 3186 in
288 3124 376 3184 rehus
410 3124 576 3190 iudicandis
606 3129 772 3191 tabularum
810 3139 839 3194 ot
867 3133 1027 3197 litterarum
1059 3140 1210 3216 penurirm
1237 3141 1388 3220 ingenium

224 3245 419 3310 compensare
444 3230 556 3294 mullum
582 3240 693 3316 potest3
730 3232 772 3294 lta
800 3236 942 3300 scomma
964 3239 1028 3300 cios
1054 3240 1118 3312 uis,
1146 3259 1206 3303 ron
1224 3252 1390 3328 temperata

231 3340 261 3422 et
287 3333 408 3394 subacta
435 3335 554 3398 assiduo
591 3355 646 3398 usn
681 3337 837 3413 librorum,
869 3341 899 3401 irr
925 3341 1069 3404 historicis
1104 3350 1134 3402 et
1159 3345 1279 3418 criticis¹
1294 3347 1388 3410 rebus

195 3433 340 3497 tirustra
366 3434 492 3496 laborat
545 3438 659 3518 Quippe
676 3426 742 3500 'hoe
767 3449 911 3521 utraeqrre
947 3461 996 3504 res
1031 3444 1124 3524 magis
1159 3446 1388 3528 neminemnam

230 3550 340 3613 genere
361 3534 436 3595 inter
464 3534 667 3611 sedifferunt,
695 3555 748 3603 nco
777 3540 899 3606 diuersis
928 3553 1066 3609 tenentur
1092 3547 1239 3610 iudicandi
1261 3549 1388 3628 regulis.

229 3637 332 3716 ltaque
359 3645 392 3698 ut
414 3635 579 3716 ingenium,
608 3639 682 3700 sicut
708 3661 765 3724 par
788 3639 857 3721 est,
878 3650 1102 3713 membranaceis
1122 3650 1267 3712 thesauris
1293 3649 1388 3730 louge

229 3737 397 3820 praeferas,
425 3739 579 3821 plurimum
599 3752 694 3806 tamon
721 3746 842 3810 interest
861 3750 953 3832 ipsios
974 3754 1101 3833 ingenii,
1129 3771 1215 3834 quum
1243 3752 1387 3834 plurimos

232 3841 347 3904 codices
375 3845 552 3923 comparari,
587 3865 709 3927 quorum
731 3853 899 3916 testimoniis
927 3856 1063 3920 iudicium
1092 3857 1130 3920 tle
1159 3873 1232 3918 uera
1259 3853 1387 3916 lectione

227 3947 356 4022 nitatur,
383 3955 412 4008 et
430 3947 527 4008 multis
546 3951 640 4012 mortis
662 3951 815 4018 otiaretur
837 3957 985 4021 diuinatio.
1033 3961 1137 4038 Quare
1165 3975 1224 4038 qua
1246 3955 1387 4038 frequen-

227 4047 289 4108 tius
310 4049 437 4129 scriptor
458 4049 566 4132 aliquis
587 4053 626 4115 aul
646 4053 776 4132 codicum
795 4059 980 4124 collationem
1001 4073 1122 4126 uocatus
1142 4069 1203 4136 est,
1232 4079 1273 4122 ec
1289 4059 1386 4138 magis

227 4151 308 4212 iusta
328 4149 382 4212 illa
401 4162 430 4215 ct
449 4163 585 4218 constans
606 4160 739 4237 recensio
758 4159 854 4223 Mum
875 4164 978 4227 hahet:
1013 4167 1043 4227 irr
1066 4167 1187 4239 ceteris,
1217 4163 1266 4244 qui
1288 4161 1386 4224 adhuc

230 4252 376 4332 paucitate
391 4255 591 4320 subsidiorum
611 4257 762 4340 laborant,
780 4263 858 4327 hamul
871 4265 932 4329 acio
949 4283 987 4329 an
997 4265 1223 4349 multiplicandis
1237 4273 1386 4330 tentorum
