2944 4900
220 310 264 380 52
605 306 977 376 PROLEGOMENA.

220 505 341 581 poetae,
372 496 557 561 mousson
586 496 728 563 eiusmodi
753 513 873 579 operoso
894 495 994 577 ulique
1017 503 1102 564 ,certe
1123 497 1251 577 epitheto
1279 496 1377 560 elium

221 602 383 686 odiendone
407 601 548 664 ornutmi.

767 820 836 902 XX.

325 1009 417 1072 Docet
451 1027 524 1088 ergo
550 1009 681 1073 locorum
709 1009 827 1072 illorum
854 1008 1025 1091 explicatio,
1057 1025 1116 1069 non
1147 1024 1186 1070 ex
1210 1009 1376 1088 peregrinis
1461 1007 1462 1024 ¹

224 1111 407 1193 opinionibus
428 1121 558 1194 coptots,
582 1112 633 1174 sed
655 1114 785 1176 instituto
806 1113 962 1191 diligenter
984 1127 1021 1174 ex
1040 1109 1212 1174 Homericae
1235 1110 1377 1174 orationis

222 1215 418 1296 proprietate,
440 1217 610 1278 mentionem
632 1218 793 1298 scripturae
814 1217 844 1278 in
865 1217 901 1277 iis
922 1211 987 1276 ieri
1008 1212 1126 1274 nodum.
1175 1213 1219 1280 Ao.
1243 1211 1376 1294 proiecto
1461 1217 1462 1296 ξ

223 1315 357 1379 sialiter
383 1334 416 1378 se
443 1335 504 1378 res·
519 1317 640 1380 heberet
664 1319 694 1380 iu
715 1320 878 1400 posteriorc
903 1317 985 1390 loco,
1012 1333 1071 1380 nou
1098 1323 1205 1378 terrem
1231 1316 1256 1376 is
1289 1315 1380 1378 elicui

223 1419 385 1500 suspicioso
406 1419 598 1502 interpolatus
622 1421 670 1485 rel
692 1422 792 1503 cliquo
812 1421 898 1484 ruodo
911 1420 1026 1482 sitietos
1040 1417 1133 1482 sideri
1148 1426 1257 1500 posset.
1292 1417 1378 1494 Quae
1461 1425 1462 1512 i

223 1522 350 1603 suspicio
385 1541 472 1602 Qum
502 1523 595 1602 ipsam
627 1526 751 1604 speciem
786 1525 903 1589 tolleret
936 1522 1051 1602 vulgati
1083 1522 1172 1584 moris
1206 1521 1377 1595 moerorum,
1461 1515 1462 1606 i

222 1624 363 1705 (speciem
385 1623 450 1687 dico
473 1628 566 1686 onius
593 1629 769 1709 cecropium
795 1627 980 1710 epistoloe‚)
1007 1623 1174 1706 nudumque
1201 1623 1280 1705 spud
1302 1631 1377 1706 poe·
1461 1615 1462 1684 ἶ

221 1718 279 1788 torn
299 1726 451 1804 vestigium
472 1745 572 1792 earum
593 1729 800 1810 relinquerem
822 1728 1027 1791 nihilomnino
1048 1725 1187 1808 praesidii
1209 1736 1377 1808 superesset

222 1828 386 1890 mumanae
414 1829 559 1910 opinioni,
596 1833 651 1894 nisi
686 1851 723 1894 ex
749 1834 816 1914 ipso
848 1833 904 1894 icc
930 1838 1011 1892 toute
1043 1828 1225 1908 longitudine
1249 1817 1378 1892 d'uorurn

171 1928 206 1986 88
224 1927 403 2005 dommum,
437 1950 524 2010 quoev
549 1929 630 1996 nullo
659 1935 744 1998 modo
771 1933 910 2000 credibile
943 1934 1077 1996 ridentur
1107 1931 1272 2024 sine'illius
1303 1933 1378 1995 ustis
1461 1929 1462 2012 l

141 2013 145 2021 ’
222 2033 333 2097 auxilio
361 2041 415 2095 eut
434 2036 535 2116 perfici
555 2045 605 2098 sut
634 2037 673 2100 ed
693 2037 889 2118 posteritatem
914 2037 1002 2120 prodi
1021 2034 1166 2116 potuisse..
1213 2035 1258 2098 Eu
1280 2044 1378 2098 nutem

221 2135 502 2217 rodunculequser
535 2139 607 2202 leuis
636 2142 673 2202 sit
701 2149 730 2202 et
760 2140 859 2220 primis
887 2139 1002 2218 legibus
1031 2137 1171 2200 historice
1197 2156 1378 2220 repugnans,

222 2237 300 2300 docti
320 2238 487 2318 indoctique
507 2242 609 2328 scirrnt.
1210 2275 1213 2282 ·

325 2369 388 2433 lum
411 2389 482 2432 uero
503 2390 562 2433 uon
590 2373 675 2434 modo
705 2373 815 2435 nullum
836 2373 895 2435 tale
920 2373 950 2433 in
974 2373 1099 2435 Homero
1128 2380 1223 2434 exstet
1246 2374 1378 2436 testimo·

221 2475 298 2536 nium
319 2475 362 2535 rei
381 2474 430 2536 sel
449 2475 619 2554 vestigium,
648 2473 756 2536 nullum
777 2493 820 2564 ue
834 2476 1065 2538 tenuissimorum
1093 2475 1208 2556 quidem
1228 2477 1378 2540 initiorum
1461 2487 1462 2550 l

220 2579 367 2658 legitimae
393 2579 554 2659 scripturae
580 2577 628 2639 rel
657 2577 774 2642 chmei
800 2582 925 2642 muneris
939 2574 985 2655 60)
1016 2578 1166 2654 indicium,
1199 2579 1250 2641 sed
1257 2585 1267 2654 ,'
1294 2581 1377 2660 quod

175 2713 176 2726 κ
220 2681 311 2760 louge
332 2680 447 2742 maximi
467 2680 600 2742 momenti
622 2689 679 2756 est,
702 2685 849 2745 cornuria
870 2685 955 2746 etiam
972 2683 1077 2743 omnio.
1120 2681 1268 2764 Nusquam
1285 2701 1378 2744 roeo·
1461 2719 1462 2740 ι

220 2783 319 2847 bulum
352 2783 439 2864 libri,
477 2803 619 2866 nusquam
652 2775 824 2867 scribendi,
861 2804 1003 2866 nusquam
1038 2785 1194 2864 lectionis,
1230 2805 1375 2867 nusquam

324 3127 410 3183 usage
435 3113 560 3170 detenuit
584 3111 661 3166 d’unc
685 3117 744 3167 tout
767 3119 843 3168 autre
868 3101 1057 3186 importunes.¹
1087 3116 1280 3174 Nerate-eote
1303 3121 1376 3174 done

309 3199 411 3270 'dooere
435 3217 484 3269 que
506 3217 576 3268 porse
600 3201 647 3251 des
671 3199 764 3252 lettres
787 3202 819 3252 de
841 3206 1101 3274 recommendatione,
1127 3204 1172 3273 qot‘
1195 3205 1331 3257 teudoleni
1356 3211 1375 3258 is

323 3287 395 3354 inire
411 3285 524 3339 de'oorer
538 3288 577 3338 deo
596 3303 660 3354 pens
673 3299 725 3354 poe
742 3287 769 3338 do
788 3287 955 3341 Odirrodre?“
1012 3347 1016 3350 ,

263 3384 311 3454 50)
330 3383 442 3454 Semper
466 3383 530 3438 mihi
554 3388 666 3438 maxime
692 3386 785 3438 mirum
811 3387 896 3440 uisum
926 3393 983 3449 est,
1019 3389 1065 3456 qui
1089 3386 1157 3440 ieri·
1172 3390 1321 3458 potuisset,
1349 3395 1376 3446 si

326 3468 420 3523 indole
439 3473 492 3528 istc
510 3467 543 3520 ‹le
562 3468 660 3522 Gedros
681 3475 734 3522 tam
755 3475 860 3524 vetusta
881 3478 953 3525 esset
974 3485 1051 3540 quum
1071 3473 1179 3539 uolunt,
1207 3481 1235 3528 ut
1254 3489 1312 3528 cunr
1332 3482 1375 3532 tot

327 3547 425 3604 Graeci
450 3559 548 3621 poetae
579 3567 691 3621 prorsus
724 3556 850 3606 irrtactam
877 3556 1068 3626 relinquerent
1117 3556 1147 3612 ld
1181 3574 1246 3614 veno
1273 3559 1375 3616 iecisse
1461 3573 1462 3638 l

327 3649 435 3699 omncs,
461 3635 698 3712 commulcens,
723 3652 790 3706 quos
810 3629 897 3692 adhuc
923 3643 950 3694 iu
972 3625 1092 3696 munibus
1115 3641 1263 3709 habemus,
1283 3648 1375 3715 sigui·
1461 3639 1462 3706 l

328 3717 409 3772 licant
431 3718 510 3773 nobis
534 3719 642 3775 silentis
666 3727 806 3789 poetarum
829 3722 987 3790 Latinorum
1012 3733 1039 3796 et
1063 3727 1241 3796 Apollodori,
1267 3735 1313 3802 qui
1338 3748 1376 3786 ex

327 3799 448 3872 mythicls
469 3806 557 3873 poetis
576 3803 750 3860 celeberrima
774 3823 897 3880 quaeque
922 3813 1039 3883 collegit
1080 3811 1130 3866 Est
1154 3812 1207 3869 hoo
1232 3830 1264 3880 eo
1285 3815 1375 3870 admi-

326 3887 456 3951 rabilius,
486 3887 557 3960 quod
577 3889 681 3960 reliqua
699 3889 813 3946 historia
833 3891 938 3950 Ceduri..
948 3897 1124 3954 nobilissimis
1145 3899 1244 3956 isiciis
1262 3914 1375 3956 eausam

328 3970 408 4025 dedit.
443 3970 652 4044 ltaquetuutum
678 3983 750 4030 certe
775 3993 808 4032 ex
834 3993 867 4032 ea
892 3983 1119 4054 recolligendum
1141 3991 1227 4050 esset,
1253 3984 1377 4040 obseura

325 4056 474 4124 primordia
489 4061 558 4114 ¹ortis
579 4076 627 4128 per
650 4061 728 4130 plura
748 4063 857 4116 saeculo
882 4067 1011 4118 neminem
1037 4067 1210 4137 mythicorum
1228 4075 1375 4140 poetarum

218 4169 221 4174 -
326 4139 525 4196 adornandum
547 4145 603 4196 eius
628 4153 763 4202 uectorem
790 4152 907 4204 excitare
929 4153 1058 4222 potuisse.
1103 4151 1201 4208 Verum
1229 4157 1316 4224 magis
1343 4158 1375 4211 in

324 4232 448 4293 promptu
467 4231 519 4280 erit
537 4234 613 4282 recta
632 4233 718 4296 ratio,
737 4235 762 4286 si
778 4234 903 4301 tpssutta
921 4237 1070 4304 primordie
1086 4239 1157 4310 apud
1176 4236 1295 4296 Graecos
1313 4255 1375 4296 non

322 4307 417 4374 priore
433 4309 541 4364 luerunt
556 4313 664 4367 soeculo
682 4311 729 4368 tx.
750 4321 812 4388 aute
830 4315 898 4372 cor..
