2976 4900
228 323 293 392 lou
619 321 986 388 PROLEGOMENA.

227 513 300 576 Nam
322 519 350 575 et
370 512 418 574 hic
439 511 649 592 quodammodo
670 513 784 572 minue
799 513 972 593 perieram.
1017 509 1161 584 Habemus
1180 529 1255 578 nuruc
1267 513 1374 576 llome-

228 635 291 680 rum
311 616 342 678 iu
368 615 514 690 manibus,
542 632 601 676 non
634 615 684 694 qui
709 616 802 694 uiguit
828 616 860 676 iu
888 631 940 676 ore
963 613 1137 698 Graecorum
1159 616 1375 704 suorumhsed

227 720 296 784 inde
321 739 341 782 a
369 718 489 783 Solonis
517 717 693 798 temporibus
720 734 813 797 usque
841 716 880 778 ad
907 715 979 778 haec
1010 714 1211 781 Alexandrina
1237 726 1376 782 orambim

228 824 328 900 varic,
360 820 579 901 interpolatum,
614 819 786 896 castigatum
820 829 849 882 et
885 818 1072 884 emendatum.
1128 819 1161 880 ld
1195 839 1211 881 e
1246 821 1376 884 disiectis
1472 889 1473 894 η

229 925 402 1012 quibusdmr
423 921 536 984 indiciis
565 920 623 981 ianr
650 919 756 984 dudum
789 922 911 984 obscure
933 921 1112 1000 colligebant
1141 923 1269 986 homines
1298 923 1377 984 docti

160 1035 213 1092 265
231 1038 259 1093 et
279 1027 431 1097 sollertes3
468 1041 543 1085 nuuc
575 1024 605 1083 in
633 1041 721 1083 unum
746 1023 916 1086 coniunctae
943 1042 1029 1087 uoces
1064 1025 1187 1091 omnium
1212 1033 1377 1106 temporum

230 1136 386 1204 testantur,
408 1135 437 1190 et
456 1125 587 1206 loquitur
607 1125 737 1189 historia.

688 1387 819 1472 'L.

14 1627 17 1699 l
331 1617 371 1678 At
394 1613 535 1679 historiae
557 1608 643 1690 qnasi
667 1609 836 1689 obloquitur
864 1609 929 1690 ipse
949 1607 1045 1682 uates,
1076 1617 1105 1670 et
1127 1617 1228 1672 conua
1254 1618 1379 1674 testatur

14 1731 16 1782 l
230 1737 334 1782 sensus
355 1717 489 1797 legentis.
533 1713 635 1792 Neque
657 1728 728 1774 uero
751 1712 792 1772 ita
808 1701 969 1773 deformata
992 1719 1019 1773 et
1033 1709 1219 1774 dillictasunt
1232 1712 1377 1791 Carmina,

14 1807 16 1852 ³
227 1830 259 1883 ut
285 1822 315 1880 in
337 1821 425 1881 rebus
447 1815 569 1895 singulis
590 1814 706 1896 priscae
735 1821 764 1873 et
791 1830 862 1873 surae
890 1813 1001 1896 formae
1029 1813 1113 1875 nimis
1136 1815 1284 1878 dissimilia
1310 1836 1376 1880 esse

14 1863 17 2020 ἰ
227 1923 390 1985 uideantur.
434 1917 522 1980 Immo
548 1924 712 1995 congruunt
734 1915 764 2002 iu
787 1915 823 1975 iis
848 1914 949 1976 omnia
965 1913 1055 1976 lerme
1074 1916 1105 1976 in
1122 1916 1198 1980 idem
1219 1919 1376 1998 ingenium,

14 2157 16 2190 l

14 2285 16 2318 l

226 2026 258 2088 iu
278 2022 395 2086 eosdem
416 2039 528 2096 mores,
550 2022 581 2082 in
603 2017 886 2082 eandemlcrmulam
909 2017 1052 2080 sentiendi
1073 2020 1262 2100 etloquendi,
1302 2020 1377 2084 Eam
1472 2015 1473 2096 ι

226 2145 287 2189 rem
310 2125 434 2206 quisque
460 2124 558 2184 intime
582 2123 682 2197 sentit,
715 2122 769 2202 qui
793 2126 929 2182 accurate
957 2128 1070 2184 etcum
1096 2140 1184 2184 sensu
1211 2123 1298 2202 legit:
1339 2144 1376 2187 ac
1472 2121 1473 2158 ³

226 2243 266 2292 ne·
287 2229 318 2290 id
347 2227 454 2288 sentias
483 2233 608 2299 tanturm,
638 2224 689 2286 sed
719 2225 815 2285 causis
844 2224 903 2284 suis
933 2239 1111 2304 cognoscas,
1134 2243 1226 2307 saepe
1256 2226 1309 2287 tibi
1335 2229 1375 2289 ab

120 2345 123 2350 ’
225 2331 270 2391 bis
300 2329 481 2410 Carminibus
512 2323 550 2388 ad
579 2324 776 2410 Apollonium*
792 2323 954 2402 Rhodium,
989 2327 1027 2388 ad
1057 2326 1131 2388 alios
1159 2322 1377 2392 Alexandrinos
1472 2337 1473 2410 ζ

224 2438 326 2513 poetas
353 2438 382 2493 et
412 2427 451 2492 ad
484 2446 562 2499 eum,
597 2427 648 2507 qui
675 2427 765 2506 uulgo
793 2427 911 2492 Homeri
942 2427 1040 2508 imago
1069 2427 1201 2510 putatur,
1238 2430 1376 2509 Quintum
1472 2427 1473 2506 ]

226 2513 413 2614 Smyrnaeum
433 2529 687 2593 transcurrendum
716 2537 772 2591 est.
815 2529 891 2608 Quid
912 2532 1028 2594 autem?
1067 2532 1092 2604 sl
1119 2532 1267 2594 mirificum
1285 2533 1375 2596 ‘illum
1472 2551 1473 2556 ¹

223 2644 393 2699 concentum
413 2640 580 2696 reuocatum
601 2632 632 2692 iu
650 2628 750 2712 primis
765 2632 926 2694 Aristarchi
942 2632 1071 2713 eleganti
1082 2635 1201 2714 ingenio
1223 2644 1253 2698 et
1266 2635 1376 2698 doctri-
1472 2661 1473 2708 ι

224 2755 280 2800 uae
313 2736 458 2798 debemus.
510 2733 609 2810 Quid?
645 2736 670 2795 si
698 2735 745 2796 hic
766 2736 830 2818 ipse
849 2735 995 2798 Zenodoti
1022 2745 1050 2799 et
1077 2737 1256 2819 antiquiores
1282 2741 1375 2802 iuter·

222 2827 392 2924 polatioues'
416 2837 579 2916 multosque
610 2838 736 2900 absonos
767 2856 868 2900 uersus
897 2839 1028 2914 sustulit;
1060 2839 1134 2902 tales
1161 2839 1241 2917 dico,
1270 2842 1374 2922 quales
1472 2831 1473 2912 ζ

223 2939 324 3026 paullo
353 2948 420 3002 ante
449 2939 549 3002 notaui
563 2929 620 3018 ⁵⁰):
663 2947 736 3018 quos
766 2941 817 3019 qui
844 2939 921 3004 lorte
953 2951 1050 3004 erutos
1078 2944 1161 3005 nobis
1177 3005 1180 3022 ,
1195 2942 1374 3024 postliminio

155 3050 207 3104 266
225 3044 378 3106 restituere
403 3041 492 3104 uellet
521 3057 613 3104 nouus
644 3041 753 3116 editor,
783 3043 941 3116 rideretur,
967 3051 999 3105 ut
1021 3045 1142 3125 opinor,
1170 3046 1208 3106 ab
1233 3046 1270 3106 iis
1289 3047 1374 3128 ipsis,

224 3146 274 3226 qui
306 3160 382 3204 nune
409 3143 570 3205 Aristarchi
599 3160 719 3208 acumen
746 3143 849 3207 rident.
907 3145 1005 3221 Quint
1045 3146 1072 3207 si
1096 3148 1306 3229 Aristophanes
1344 3160 1376 3212 et

221 3247 407 3312 Aristarchus
438 3245 641 3327 comparandis
669 3247 819 3308 venustatis
847 3248 1035 3310 monumentis
1062 3249 1192 3310 omulbrm
1221 3252 1374 3330 proprium

222 3351 326 3412 aetads
364 3351 503 3430 cuiusque
542 3367 643 3410 sonuum
680 3355 708 3409 et
742 3349 888 3429 legitimas
918 3349 1054 3430 unuquao
1090 3350 1229 3412 orationis
1261 3351 1372 3416 formas

222 3453 401 3528 calluerunt,
424 3459 452 3513 et
473 3451 558 3514 iidem
578 3451 704 3531 Hymnus
721 3460 892 3532 ceterosque
913 3452 1021 3526 libros,
1045 3451 1112 3516 olim
1129 3447 1235 3532 magno
1250 3471 1372 3515 numero

220 3554 338 3616 Homeri
374 3554 488 3614 nemim
525 3553 704 3630 uenditatcs,
742 3562 880 3635 tauquam
920 3554 1034 3636 spurios
1069 3551 1225 3618 Homerica
1259 3554 1373 3618 familia

221 3662 450 3728 summoverunt,
473 3654 617 3734 primique
636 3655 667 3714 in
686 3655 741 3716 hoc
763 3673 872 3736 genere
890 3657 1002 3720 altioris
1022 3673 1058 3720 ac
1074 3657 1238 3722 subtilioris
1261 3657 1373 3736 iudicii,

256 3991 305 4060 ⁵0)
321 3990 356 4050 lu
374 3996 446 4046 motis
466 3994 510 4049 45.
529 3999 556 4049 et
573 3996 616 4052 46.
652 3993 763 4068 lllisque
777 3996 901 4052 addenda
917 3999 1024 4054 videtur
1039 4002 1154 4054 murima
1167 4014 1232 4070 pars
1244 4013 1373 4056 uersuum

115 4071 139 4110 θ
323 4091 434 4142 eornm,
460 4081 506 4147 qai
524 4082 552 4134 iu
572 4079 679 4148 vulgari
699 4088 793 4136 nostro
815 4084 997 4155 textuadbue
1015 4082 1175 4147 haerentes,
1201 4081 1265 4137 mibi
1284 4083 1372 4152 pleri-

322 4175 375 4229 que
395 4165 530 4228 uucinatl,
558 4164 644 4233 ‘plane
669 4165 767 4221 absum
791 4167 826 4220 ab
851 4173 952 4236 optimc
978 4168 1070 4224 codice
1096 4167 1207 4224 Veneto.
1249 4165 1372 4224 Numero

322 4252 383 4300 sont
400 4250 444 4304 46,
480 4245 537 4302 Nec
553 4247 648 4302 horu·
666 4253 753 4318 magis
777 4264 857 4322 quam
875 4253 983 4308 illorum
1002 4253 1037 4308 ab
1057 4251 1373 4312 baiocacensium

318 4327 443 4384 indlclum
461 4331 489 4386 lit
508 4334 537 4386 in
554 4332 671 4390 scholiis
691 4337 803 4421 nostrl-s.
1335 4341 1338 4348 '
