<?xml version="1.0" encoding="UTF-8"?>
<!DOCTYPE html PUBLIC "-//W3C//DTD XHTML 1.0 Transitional//EN"
    "http://www.w3.org/TR/xhtml1/DTD/xhtml1-transitional.dtd">
<html xmlns="http://www.w3.org/1999/xhtml" xml:lang="en" lang="en">
 <head>
  <title>
</title>
<meta http-equiv="Content-Type" content="text/html;charset=utf-8" />
  <meta name='ocr-system' content='tesseract 3.04.00' />
  <meta name='ocr-capabilities' content='ocr_page ocr_carea ocr_par ocr_line ocrx_word'/>
</head>
<body>
  <div class='ocr_page' id='page_1' title='image "./prolegomenaadho02wolfgoog_0149.png"; bbox 0 0 2976 4900; ppageno 0'>
   <div class='ocr_carea' id='block_1_1' title="bbox 229 264 988 369">
    <p class='ocr_par' dir='ltr' id='par_1_1' title="bbox 229 264 988 369">
     <span class='ocr_line' id='line_1_1' title="bbox 229 264 988 369; baseline 0.001 -38"><span class='ocrx_word' id='word_1_1' title='bbox 229 264 292 336; x_wconf 81' lang='grc'><strong>138</strong></span> <span class='ocrx_word' id='word_1_2' title='bbox 614 265 988 369; x_wconf 64' lang='lat' dir='ltr'><strong>inconstantium.</strong></span> 
     </span>
    </p>
   </div>
   <div class='ocr_carea' id='block_1_2' title="bbox 158 453 1379 1666">
    <p class='ocr_par' dir='ltr' id='par_1_2' title="bbox 158 453 1379 1666">
     <span class='ocr_line' id='line_1_2' title="bbox 198 453 1378 535; baseline 0.008 -23"><span class='ocrx_word' id='word_1_3' title='bbox 198 507 200 512; x_wconf 89' lang='lat'><em>.</em></span> <span class='ocrx_word' id='word_1_4' title='bbox 226 453 335 518; x_wconf 88' lang='lat' dir='ltr'><strong>iactam</strong></span> <span class='ocrx_word' id='word_1_5' title='bbox 351 462 395 518; x_wconf 87' lang='lat' dir='ltr'><strong>cst</strong></span> <span class='ocrx_word' id='word_1_6' title='bbox 416 454 557 535; x_wconf 75' lang='lat' dir='ltr'><strong>nomque,</strong></span> <span class='ocrx_word' id='word_1_7' title='bbox 586 461 633 528; x_wconf 84' lang='lat' dir='ltr'><strong>ut,</strong></span> <span class='ocrx_word' id='word_1_8' title='bbox 658 454 787 534; x_wconf 83' lang='lat' dir='ltr'><strong>quamuis</strong></span> <span class='ocrx_word' id='word_1_9' title='bbox 806 455 894 519; x_wconf 83' lang='grc' dir='ltr'>ιίιιιιιι</span> <span class='ocrx_word' id='word_1_10' title='bbox 916 464 944 516; x_wconf 91' lang='lat' dir='ltr'><strong>et</strong></span> <span class='ocrx_word' id='word_1_11' title='bbox 966 455 1057 519; x_wconf 89' lang='lat' dir='ltr'><strong>libros</strong></span> <span class='ocrx_word' id='word_1_12' title='bbox 1086 455 1149 532; x_wconf 82' lang='lat' dir='ltr'><strong>eius</strong></span> <span class='ocrx_word' id='word_1_13' title='bbox 1170 455 1259 520; x_wconf 89' lang='lat' dir='ltr'><strong>multu</strong></span> <span class='ocrx_word' id='word_1_14' title='bbox 1282 459 1378 522; x_wconf 86' lang='lat' dir='ltr'><strong>mimus</strong></span> 
     </span>
     <span class='ocr_line' id='line_1_3' title="bbox 227 557 1379 639; baseline 0.002 -19"><span class='ocrx_word' id='word_1_15' title='bbox 227 577 313 639; x_wconf 82' lang='lat' dir='ltr'><strong>quam</strong></span> <span class='ocrx_word' id='word_1_16' title='bbox 335 557 540 639; x_wconf 64' lang='lat' dir='ltr'><strong>Aristophanis</strong></span> <span class='ocrx_word' id='word_1_17' title='bbox 565 557 711 632; x_wconf 86' lang='lat' dir='ltr'><strong>norimus,</strong></span> <span class='ocrx_word' id='word_1_18' title='bbox 734 559 798 639; x_wconf 90' lang='lat' dir='ltr'><strong>ipse</strong></span> <span class='ocrx_word' id='word_1_19' title='bbox 818 557 966 638; x_wconf 73' lang='lat' dir='ltr'>hodieque</span> <span class='ocrx_word' id='word_1_20' title='bbox 994 557 1025 620; x_wconf 93' lang='lat' dir='ltr'><strong>in</strong></span> <span class='ocrx_word' id='word_1_21' title='bbox 1045 557 1151 636; x_wconf 75' lang='lat' dir='ltr'><strong>vulgus</strong></span> <span class='ocrx_word' id='word_1_22' title='bbox 1175 558 1320 623; x_wconf 86' lang='lat' dir='ltr'><strong>celebrior</strong></span> <span class='ocrx_word' id='word_1_23' title='bbox 1339 562 1379 622; x_wconf 87' lang='lat' dir='ltr'><strong>sit</strong></span> 
     </span>
     <span class='ocr_line' id='line_1_4' title="bbox 158 659 1378 742; baseline 0 -18"><span class='ocrx_word' id='word_1_24' title='bbox 158 672 210 726; x_wconf 76' lang='lat'><strong>229</strong></span> <span class='ocrx_word' id='word_1_25' title='bbox 228 669 257 722; x_wconf 91' lang='lat' dir='ltr'><strong>et</strong></span> <span class='ocrx_word' id='word_1_26' title='bbox 277 661 472 742; x_wconf 78' lang='lat' dir='ltr'><strong>Aristophane</strong></span> <span class='ocrx_word' id='word_1_27' title='bbox 494 669 523 722; x_wconf 86' lang='lat' dir='ltr'><strong>et</strong></span> <span class='ocrx_word' id='word_1_28' title='bbox 542 659 663 740; x_wconf 88' lang='lat' dir='ltr'><strong>reliquis</strong></span> <span class='ocrx_word' id='word_1_29' title='bbox 680 661 828 736; x_wconf 86' lang='lat' dir='ltr'><strong>omnibus,</strong></span> <span class='ocrx_word' id='word_1_30' title='bbox 847 659 899 740; x_wconf 86' lang='lat' dir='ltr'><strong>qui</strong></span> <span class='ocrx_word' id='word_1_31' title='bbox 920 660 988 724; x_wconf 88' lang='lat' dir='ltr'><strong>olim</strong></span> <span class='ocrx_word' id='word_1_32' title='bbox 1010 662 1041 722; x_wconf 88' lang='lat' dir='ltr'><strong>in</strong></span> <span class='ocrx_word' id='word_1_33' title='bbox 1060 661 1117 724; x_wconf 82' lang='lat' dir='ltr'><strong>bct</strong></span> <span class='ocrx_word' id='word_1_34' title='bbox 1134 660 1248 728; x_wconf 78' lang='lat' dir='ltr'><strong>minime</strong></span> <span class='ocrx_word' id='word_1_35' title='bbox 1267 661 1378 726; x_wconf 73' lang='lat' dir='ltr'><strong>illustri</strong></span> 
     </span>
     <span class='ocr_line' id='line_1_5' title="bbox 226 757 1335 850; baseline -0.003 -24"><span class='ocrx_word' id='word_1_36' title='bbox 226 781 335 843; x_wconf 79' lang='lat' dir='ltr'><strong>genere</strong></span> <span class='ocrx_word' id='word_1_37' title='bbox 352 763 506 848; x_wconf 83' lang='lat' dir='ltr'><strong>uioctrinae</strong></span> <span class='ocrx_word' id='word_1_38' title='bbox 528 764 718 827; x_wconf 78' lang='lat' dir='ltr'><strong>elaborarunt</strong></span> <span class='ocrx_word' id='word_1_39' title='bbox 730 757 768 841; x_wconf 84' lang='lat'><strong>⁷).</strong></span> <span class='ocrx_word' id='word_1_40' title='bbox 1146 827 1151 834; x_wconf 69' lang='grc'>,</span> <span class='ocrx_word' id='word_1_41' title='bbox 1331 843 1335 850; x_wconf 31' lang='grc' dir='ltr'>Ι</span> 
     </span>
     <span class='ocr_line' id='line_1_6' title="bbox 325 860 1377 948; baseline 0 -20"><span class='ocrx_word' id='word_1_42' title='bbox 325 866 437 928; x_wconf 88' lang='lat' dir='ltr'><strong>Dicitur</strong></span> <span class='ocrx_word' id='word_1_43' title='bbox 458 860 791 947; x_wconf 78' lang='lat' dir='ltr'><strong>Aristarchus&#39;amplius</strong></span> <span class='ocrx_word' id='word_1_44' title='bbox 812 863 915 930; x_wconf 85' lang='lat' dir='ltr'><strong>DGGG</strong></span> <span class='ocrx_word' id='word_1_45' title='bbox 930 864 1157 926; x_wconf 82' lang='lat' dir='ltr'><strong>Commentarios</strong></span> <span class='ocrx_word' id='word_1_46' title='bbox 1169 867 1377 948; x_wconf 73' lang='lat' dir='ltr'><strong>gramaticus</strong></span> 
     </span>
     <span class='ocr_line' id='line_1_7' title="bbox 226 967 1377 1050; baseline 0 -22"><span class='ocrx_word' id='word_1_47' title='bbox 226 974 254 1028; x_wconf 91' lang='lat' dir='ltr'><strong>ct</strong></span> <span class='ocrx_word' id='word_1_48' title='bbox 274 967 391 1028; x_wconf 87' lang='lat' dir='ltr'><strong>criticos</strong></span> <span class='ocrx_word' id='word_1_49' title='bbox 414 969 639 1050; x_wconf 77' lang='lat' dir='ltr'><strong>conscripsisse,</strong></span> <span class='ocrx_word' id='word_1_50' title='bbox 661 986 713 1042; x_wconf 88' lang='lat' dir='ltr'><strong>ao,</strong></span> <span class='ocrx_word' id='word_1_51' title='bbox 740 967 765 1030; x_wconf 89' lang='lat' dir='ltr'><strong>si</strong></span> <span class='ocrx_word' id='word_1_52' title='bbox 787 967 906 1034; x_wconf 77' lang='lat' dir='ltr'><strong>sacuam</strong></span> <span class='ocrx_word' id='word_1_53' title='bbox 927 975 1006 1028; x_wconf 86' lang='lat' dir='ltr'><strong>recte</strong></span> <span class='ocrx_word' id='word_1_54' title='bbox 1027 967 1273 1046; x_wconf 83' lang='lat' dir='ltr'><strong>intelligo,.nibil</strong></span> <span class='ocrx_word' id='word_1_55' title='bbox 1294 967 1377 1029; x_wconf 86' lang='lat' dir='ltr'><strong>aliud</strong></span> 
     </span>
     <span class='ocr_line' id='line_1_8' title="bbox 158 1064 1376 1152; baseline 0.002 -22"><span class='ocrx_word' id='word_1_56' title='bbox 158 1085 210 1139; x_wconf 83' lang='lat'><strong>230</strong></span> <span class='ocrx_word' id='word_1_57' title='bbox 228 1087 315 1148; x_wconf 81' lang='lat' dir='ltr'><strong>quam</strong></span> <span class='ocrx_word' id='word_1_58' title='bbox 337 1067 564 1142; x_wconf 82' lang='lat' dir='ltr'><strong>Commentarios</strong></span> <span class='ocrx_word' id='word_1_59' title='bbox 576 1064 614 1147; x_wconf 74' lang='lat'><strong>⁸).</strong></span> <span class='ocrx_word' id='word_1_60' title='bbox 653 1069 759 1135; x_wconf 80' lang='lat' dir='ltr'><strong>Verum</strong></span> <span class='ocrx_word' id='word_1_61' title='bbox 782 1070 840 1146; x_wconf 93' lang='lat' dir='ltr'><strong>illi,</strong></span> <span class='ocrx_word' id='word_1_62' title='bbox 863 1071 894 1132; x_wconf 93' lang='lat' dir='ltr'><strong>in</strong></span> <span class='ocrx_word' id='word_1_63' title='bbox 911 1069 1016 1148; x_wconf 87' lang='lat' dir='ltr'><strong>quibns</strong></span> <span class='ocrx_word' id='word_1_64' title='bbox 1031 1068 1162 1152; x_wconf 82' lang='lat' dir='ltr'><strong>exemplo</strong></span> <span class='ocrx_word' id='word_1_65' title='bbox 1173 1071 1376 1152; x_wconf 86' lang='lat' dir='ltr'><strong>praeceptoris</strong></span> 
     </span>
     <span class='ocr_line' id='line_1_9' title="bbox 225 1170 1375 1260; baseline 0.003 -26"><span class='ocrx_word' id='word_1_66' title='bbox 225 1172 271 1234; x_wconf 89' lang='lat' dir='ltr'><strong>sni</strong></span> <span class='ocrx_word' id='word_1_67' title='bbox 290 1173 605 1256; x_wconf 79' lang='lat' dir='ltr'><strong>praestantissimorum</strong></span> <span class='ocrx_word' id='word_1_68' title='bbox 626 1179 781 1254; x_wconf 18' lang='lat' dir='ltr'><strong>puetarum,</strong></span> <span class='ocrx_word' id='word_1_69' title='bbox 797 1181 826 1236; x_wconf 89' lang='lat' dir='ltr'><strong>et</strong></span> <span class='ocrx_word' id='word_1_70' title='bbox 848 1170 1000 1248; x_wconf 77' lang='lat' dir='ltr'><strong>multarum</strong></span> <span class='ocrx_word' id='word_1_71' title='bbox 1023 1170 1226 1260; x_wconf 76' lang='lat' dir='ltr'><strong>Grammaticos</strong></span> <span class='ocrx_word' id='word_1_72' title='bbox 1248 1173 1375 1254; x_wconf 86' lang='lat' dir='ltr'><strong>partium</strong></span> 
     </span>
     <span class='ocr_line' id='line_1_10' title="bbox 226 1272 1376 1358; baseline -0.001 -18"><span class='ocrx_word' id='word_1_73' title='bbox 226 1275 447 1356; x_wconf 82' lang='lat' dir='ltr'><strong>explicationem</strong></span> <span class='ocrx_word' id='word_1_74' title='bbox 469 1285 498 1340; x_wconf 90' lang='lat' dir='ltr'><strong>et</strong></span> <span class='ocrx_word' id='word_1_75' title='bbox 512 1293 663 1340; x_wconf 85' lang='lat' dir='ltr'><strong>censuram</strong></span> <span class='ocrx_word' id='word_1_76' title='bbox 680 1274 847 1358; x_wconf 82' lang='lat' dir='ltr'><strong>complexus</strong></span> <span class='ocrx_word' id='word_1_77' title='bbox 863 1283 940 1348; x_wconf 92' lang='lat' dir='ltr'><strong>erat,</strong></span> <span class='ocrx_word' id='word_1_78' title='bbox 961 1275 1020 1352; x_wconf 80' lang='lat' dir='ltr'><strong>ianr</strong></span> <span class='ocrx_word' id='word_1_79' title='bbox 1038 1272 1143 1336; x_wconf 82' lang='lat' dir='ltr'><strong>dudum</strong></span> <span class='ocrx_word' id='word_1_80' title='bbox 1161 1276 1203 1338; x_wconf 90' lang='lat' dir='ltr'><strong>ita</strong></span> <span class='ocrx_word' id='word_1_81' title='bbox 1215 1277 1376 1358; x_wconf 86' lang='lat' dir='ltr'><strong>perierunt,</strong></span> 
     </span>
     <span class='ocr_line' id='line_1_11' title="bbox 225 1377 1375 1460; baseline 0.003 -20"><span class='ocrx_word' id='word_1_82' title='bbox 225 1387 256 1440; x_wconf 89' lang='grc' dir='ltr'><strong>ιιι</strong></span> <span class='ocrx_word' id='word_1_83' title='bbox 276 1395 314 1440; x_wconf 90' lang='lat' dir='ltr'><strong>ne</strong></span> <span class='ocrx_word' id='word_1_84' title='bbox 334 1378 465 1440; x_wconf 85' lang='lat' dir='ltr'><strong>lernam.</strong></span> <span class='ocrx_word' id='word_1_85' title='bbox 479 1379 592 1459; x_wconf 84' lang='lat' dir='ltr'><strong>quidem</strong></span> <span class='ocrx_word' id='word_1_86' title='bbox 612 1378 703 1440; x_wconf 89' lang='lat' dir='ltr'><strong>ullius</strong></span> <span class='ocrx_word' id='word_1_87' title='bbox 726 1394 842 1453; x_wconf 90' lang='lat' dir='ltr'><strong>eorum,</strong></span> <span class='ocrx_word' id='word_1_88' title='bbox 872 1394 967 1458; x_wconf 72' lang='lat' dir='ltr'><strong>neque</strong></span> <span class='ocrx_word' id='word_1_89' title='bbox 989 1394 1026 1438; x_wconf 89' lang='lat' dir='ltr'><strong>ex</strong></span> <span class='ocrx_word' id='word_1_90' title='bbox 1050 1377 1121 1460; x_wconf 85' lang='lat' dir='ltr'><strong>ipsis</strong></span> <span class='ocrx_word' id='word_1_91' title='bbox 1144 1381 1375 1460; x_wconf 83' lang='lat' dir='ltr'><strong>quaestionibus,</strong></span> 
     </span>
     <span class='ocr_line' id='line_1_12' title="bbox 225 1479 1375 1562; baseline 0.003 -20"><span class='ocrx_word' id='word_1_92' title='bbox 225 1497 298 1560; x_wconf 79' lang='lat' dir='ltr'><strong>quas</strong></span> <span class='ocrx_word' id='word_1_93' title='bbox 328 1489 522 1556; x_wconf 84' lang='lat' dir='ltr'><strong>tractaverat,</strong></span> <span class='ocrx_word' id='word_1_94' title='bbox 554 1490 583 1543; x_wconf 90' lang='lat' dir='ltr'><strong>et</strong></span> <span class='ocrx_word' id='word_1_95' title='bbox 609 1481 713 1561; x_wconf 86' lang='lat' dir='ltr'><strong>quibus</strong></span> <span class='ocrx_word' id='word_1_96' title='bbox 743 1479 828 1552; x_wconf 84' lang='lat' dir='ltr'><strong>etiam</strong></span> <span class='ocrx_word' id='word_1_97' title='bbox 857 1496 932 1540; x_wconf 91' lang='lat' dir='ltr'><strong>nunc</strong></span> <span class='ocrx_word' id='word_1_98' title='bbox 957 1495 1063 1558; x_wconf 82' lang='lat' dir='ltr'><strong>magna</strong></span> <span class='ocrx_word' id='word_1_99' title='bbox 1092 1497 1161 1560; x_wconf 89' lang='lat' dir='ltr'><strong>pars</strong></span> <span class='ocrx_word' id='word_1_100' title='bbox 1191 1479 1375 1562; x_wconf 83' lang='lat' dir='ltr'><strong>litteraturae</strong></span> 
     </span>
     <span class='ocr_line' id='line_1_13' title="bbox 224 1563 1373 1666; baseline 0.002 -20"><span class='ocrx_word' id='word_1_101' title='bbox 224 1584 340 1658; x_wconf 87' lang='lat' dir='ltr'><strong>nititur,</strong></span> <span class='ocrx_word' id='word_1_102' title='bbox 370 1563 528 1665; x_wconf 64' lang='lat' dir='ltr'><strong>quidfpuam</strong></span> <span class='ocrx_word' id='word_1_103' title='bbox 554 1591 673 1666; x_wconf 82' lang='lat' dir='ltr'><strong>praeter</strong></span> <span class='ocrx_word' id='word_1_104' title='bbox 704 1581 851 1662; x_wconf 87' lang='lat' dir='ltr'><strong>dispersas</strong></span> <span class='ocrx_word' id='word_1_105' title='bbox 877 1581 1016 1661; x_wconf 86' lang='lat' dir='ltr'><strong>quasdam</strong></span> <span class='ocrx_word' id='word_1_106' title='bbox 1041 1590 1069 1644; x_wconf 89' lang='lat' dir='ltr'><strong>et</strong></span> <span class='ocrx_word' id='word_1_107' title='bbox 1096 1584 1199 1646; x_wconf 88' lang='lat' dir='ltr'><strong>misere</strong></span> <span class='ocrx_word' id='word_1_108' title='bbox 1225 1583 1373 1666; x_wconf 81' lang='lat' dir='ltr'><strong>laceratas</strong></span> 
     </span>
    </p>
   </div>
   <div class='ocr_carea' id='block_1_3' title="bbox 224 1671 1373 1784">
    <p class='ocr_par' dir='ltr' id='par_1_3' title="bbox 224 1671 1373 1784">
     <span class='ocr_line' id='line_1_14' title="bbox 224 1671 1373 1784; baseline 0.002 -36"><span class='ocrx_word' id='word_1_109' title='bbox 224 1687 413 1760; x_wconf 83' lang='lat' dir='ltr'><strong>sententiolas</strong></span> <span class='ocrx_word' id='word_1_110' title='bbox 434 1687 563 1767; x_wconf 86' lang='lat' dir='ltr'><strong>reliquas</strong></span> <span class='ocrx_word' id='word_1_111' title='bbox 587 1685 752 1748; x_wconf 68' lang='lat' dir='ltr'><strong>babeamus</strong></span> <span class='ocrx_word' id='word_1_112' title='bbox 795 1683 833 1745; x_wconf 91' lang='lat' dir='ltr'><strong>Ut</strong></span> <span class='ocrx_word' id='word_1_113' title='bbox 852 1701 889 1746; x_wconf 83' lang='lat' dir='ltr'><strong>ex</strong></span> <span class='ocrx_word' id='word_1_114' title='bbox 908 1684 948 1746; x_wconf 83' lang='lat' dir='ltr'><strong>iis</strong></span> <span class='ocrx_word' id='word_1_115' title='bbox 962 1683 1062 1784; x_wconf 82' lang='lat' dir='ltr'><strong>libris,</strong></span> <span class='ocrx_word' id='word_1_116' title='bbox 1080 1671 1157 1765; x_wconf 83' lang='lat' dir='ltr'><strong>qnos</strong></span> <span class='ocrx_word' id='word_1_117' title='bbox 1173 1684 1373 1752; x_wconf 83' lang='lat' dir='ltr'><strong>defendendae</strong></span> 
     </span>
    </p>
   </div>
   <div class='ocr_carea' id='block_1_4' title="bbox 223 1853 525 1874">
    <p class='ocr_par' dir='ltr' id='par_1_4' title="bbox 223 1853 525 1874">
     <span class='ocr_line' id='line_1_15' title="bbox 223 1853 525 1874; baseline -0.003 -6"><span class='ocrx_word' id='word_1_118' title='bbox 223 1853 525 1874; x_wconf 34' lang='grc' dir='ltr'><strong>..μ-...ὢ</strong></span> 
     </span>
    </p>
   </div>
   <div class='ocr_carea' id='block_1_5' title="bbox 326 1936 1370 2214">
    <p class='ocr_par' dir='ltr' id='par_1_5' title="bbox 326 1936 1370 2214">
     <span class='ocr_line' id='line_1_16' title="bbox 326 1936 1370 2056; baseline 0.002 -32"><span class='ocrx_word' id='word_1_119' title='bbox 326 1936 425 2042; x_wconf 83' lang='lat' dir='ltr'><strong>Empir.</strong></span> <span class='ocrx_word' id='word_1_120' title='bbox 445 1989 467 2028; x_wconf 87' lang='lat' dir='ltr'><strong>c.</strong></span> <span class='ocrx_word' id='word_1_121' title='bbox 487 1972 571 2028; x_wconf 78' lang='lat' dir='ltr'><strong>Malli.</strong></span> <span class='ocrx_word' id='word_1_122' title='bbox 592 1972 637 2038; x_wconf 86' lang='lat' dir='ltr'><strong>tx,</strong></span> <span class='ocrx_word' id='word_1_123' title='bbox 656 1978 713 2048; x_wconf 83' lang='lat' dir='ltr'><strong>tto.</strong></span> <span class='ocrx_word' id='word_1_124' title='bbox 733 1973 778 2041; x_wconf 90' lang='lat' dir='ltr'><strong>qui</strong></span> <span class='ocrx_word' id='word_1_125' title='bbox 791 1987 853 2025; x_wconf 87' lang='lat' dir='ltr'><strong>enm</strong></span> <span class='ocrx_word' id='word_1_126' title='bbox 873 1967 979 2026; x_wconf 87' lang='lat' dir='ltr'><strong>Platoni</strong></span> <span class='ocrx_word' id='word_1_127' title='bbox 998 1971 1165 2044; x_wconf 86' lang='lat' dir='ltr'><strong>aliarumque</strong></span> <span class='ocrx_word' id='word_1_128' title='bbox 1183 1975 1285 2056; x_wconf 84' lang='lat' dir='ltr'><strong>artium</strong></span> <span class='ocrx_word' id='word_1_129' title='bbox 1297 1943 1370 2028; x_wconf 80' lang='lat' dir='ltr'><strong>sum-</strong></span> 
     </span>
     <span class='ocr_line' id='line_1_17' title="bbox 327 2055 1370 2130; baseline 0.003 -21"><span class='ocrx_word' id='word_1_130' title='bbox 327 2059 376 2110; x_wconf 91' lang='lat' dir='ltr'><strong>mis</strong></span> <span class='ocrx_word' id='word_1_131' title='bbox 403 2059 520 2130; x_wconf 76' lang='lat' dir='ltr'><strong>ingeniis</strong></span> <span class='ocrx_word' id='word_1_132' title='bbox 539 2063 684 2128; x_wconf 83' lang='lat' dir='ltr'><strong>comparat.</strong></span> <span class='ocrx_word' id='word_1_133' title='bbox 728 2055 857 2110; x_wconf 89' lang='lat' dir='ltr'><strong>Noticres</strong></span> <span class='ocrx_word' id='word_1_134' title='bbox 875 2057 929 2110; x_wconf 91' lang='lat' dir='ltr'><strong>locl</strong></span> <span class='ocrx_word' id='word_1_135' title='bbox 948 2063 1009 2110; x_wconf 89' lang='lat' dir='ltr'><strong>sunt</strong></span> <span class='ocrx_word' id='word_1_136' title='bbox 1029 2057 1202 2124; x_wconf 86' lang='lat' dir='ltr'><strong>Latinorum,</strong></span> <span class='ocrx_word' id='word_1_137' title='bbox 1228 2061 1255 2112; x_wconf 90' lang='lat' dir='ltr'><strong>ln</strong></span> <span class='ocrx_word' id='word_1_138' title='bbox 1275 2061 1370 2128; x_wconf 86' lang='lat' dir='ltr'><strong>primis</strong></span> 
     </span>
     <span class='ocr_line' id='line_1_18' title="bbox 327 2138 1142 2214; baseline 0 -20"><span class='ocrx_word' id='word_1_139' title='bbox 327 2139 433 2195; x_wconf 80' lang='lat' dir='ltr'><strong>Horatii</strong></span> <span class='ocrx_word' id='word_1_140' title='bbox 449 2142 507 2197; x_wconf 82' lang='lat' dir='ltr'><strong>Art.</strong></span> <span class='ocrx_word' id='word_1_141' title='bbox 527 2150 599 2214; x_wconf 77' lang='lat' dir='ltr'><strong>pact.</strong></span> <span class='ocrx_word' id='word_1_142' title='bbox 617 2145 677 2201; x_wconf 79' lang='lat'>450.</span> <span class='ocrx_word' id='word_1_143' title='bbox 697 2139 835 2194; x_wconf 82' lang='lat' dir='ltr'><strong>Ciceronis</strong></span> <span class='ocrx_word' id='word_1_144' title='bbox 854 2138 920 2210; x_wconf 80' lang='lat' dir='ltr'><strong>lipp.</strong></span> <span class='ocrx_word' id='word_1_145' title='bbox 936 2141 972 2202; x_wconf 80' lang='lat' dir='ltr'><strong>&#39;aul</strong></span> <span class='ocrx_word' id='word_1_146' title='bbox 990 2140 1043 2196; x_wconf 85' lang='lat' dir='ltr'><strong>litt.</strong></span> <span class='ocrx_word' id='word_1_147' title='bbox 1060 2141 1080 2207; x_wconf 91' lang='lat' dir='ltr'><strong>l,</strong></span> <span class='ocrx_word' id='word_1_148' title='bbox 1101 2146 1142 2200; x_wconf 83' lang='grc'><strong>14.</strong></span> 
     </span>
    </p>
   </div>
   <div class='ocr_carea' id='block_1_6' title="bbox 216 2237 1385 4200">
    <p class='ocr_par' dir='ltr' id='par_1_6' title="bbox 273 2237 1385 2658">
     <span class='ocr_line' id='line_1_19' title="bbox 273 2237 1369 2311; baseline 0.002 -17"><span class='ocrx_word' id='word_1_149' title='bbox 273 2238 303 2305; x_wconf 88' lang='grc'><strong>7)</strong></span> <span class='ocrx_word' id='word_1_150' title='bbox 324 2238 377 2292; x_wconf 88' lang='lat' dir='ltr'><strong>Cur</strong></span> <span class='ocrx_word' id='word_1_151' title='bbox 393 2237 593 2308; x_wconf 81' lang='lat' dir='ltr'><strong>grammaticam</strong></span> <span class='ocrx_word' id='word_1_152' title='bbox 612 2239 760 2294; x_wconf 84' lang='lat' dir='ltr'><strong>doctrinam</strong></span> <span class='ocrx_word' id='word_1_153' title='bbox 781 2242 886 2293; x_wconf 68' lang='lat' dir='ltr'><strong>mumma</strong></span> <span class='ocrx_word' id='word_1_154' title='bbox 904 2243 1036 2294; x_wconf 71' lang='lat' dir='ltr'><strong>illustram</strong></span> <span class='ocrx_word' id='word_1_155' title='bbox 1054 2239 1201 2310; x_wconf 85' lang='lat' dir='ltr'><strong>appellem,</strong></span> <span class='ocrx_word' id='word_1_156' title='bbox 1215 2240 1310 2311; x_wconf 64' lang='lat' dir='ltr'><strong>”probe</strong></span> <span class='ocrx_word' id='word_1_157' title='bbox 1326 2244 1369 2306; x_wconf 81' lang='lat' dir='ltr'><strong>la-</strong></span> 
     </span>
     <span class='ocr_line' id='line_1_20' title="bbox 324 2315 1367 2402; baseline 0.004 -24"><span class='ocrx_word' id='word_1_158' title='bbox 324 2323 464 2394; x_wconf 85' lang='lat' dir='ltr'><strong>telligent‚</strong></span> <span class='ocrx_word' id='word_1_159' title='bbox 499 2315 596 2402; x_wconf 79' lang='lat' dir='ltr'><strong>quibus</strong></span> <span class='ocrx_word' id='word_1_160' title='bbox 621 2327 809 2394; x_wconf 83' lang='lat' dir='ltr'><strong>antiquarum,</strong></span> <span class='ocrx_word' id='word_1_161' title='bbox 846 2327 1006 2399; x_wconf 85' lang='lat' dir='ltr'><strong>praesertim</strong></span> <span class='ocrx_word' id='word_1_162' title='bbox 1036 2326 1196 2392; x_wconf 77' lang='lat' dir='ltr'><strong>lssrerarum,</strong></span> <span class='ocrx_word' id='word_1_163' title='bbox 1231 2328 1367 2388; x_wconf 78' lang='lat' dir='ltr'><strong>civitatum</strong></span> 
     </span>
     <span class='ocr_line' id='line_1_21' title="bbox 326 2407 1366 2482; baseline -0.002 -18"><span class='ocrx_word' id='word_1_164' title='bbox 326 2426 414 2465; x_wconf 88' lang='lat' dir='ltr'><strong>moros</strong></span> <span class='ocrx_word' id='word_1_165' title='bbox 447 2414 473 2462; x_wconf 92' lang='lat' dir='ltr'><strong>et</strong></span> <span class='ocrx_word' id='word_1_166' title='bbox 498 2407 588 2460; x_wconf 84' lang='lat' dir='ltr'><strong>studia</strong></span> <span class='ocrx_word' id='word_1_167' title='bbox 610 2414 720 2476; x_wconf 83' lang='lat' dir='ltr'><strong>cognita</strong></span> <span class='ocrx_word' id='word_1_168' title='bbox 745 2418 814 2467; x_wconf 85' lang='lat' dir='ltr'><strong>sunt.</strong></span> <span class='ocrx_word' id='word_1_169' title='bbox 867 2412 906 2466; x_wconf 82' lang='lat' dir='ltr'><strong>lie</strong></span> <span class='ocrx_word' id='word_1_170' title='bbox 933 2411 1029 2482; x_wconf 80' lang='lat' dir='ltr'><strong>quibus</strong></span> <span class='ocrx_word' id='word_1_171' title='bbox 1056 2412 1139 2465; x_wconf 82' lang='lat' dir='ltr'><strong>uerbo</strong></span> <span class='ocrx_word' id='word_1_172' title='bbox 1166 2414 1254 2465; x_wconf 83' lang='lat' dir='ltr'><strong>monui</strong></span> <span class='ocrx_word' id='word_1_173' title='bbox 1281 2411 1323 2482; x_wconf 30' lang='lat' dir='ltr'><strong>ad·</strong></span> <span class='ocrx_word' id='word_1_174' title='bbox 1341 2428 1366 2480; x_wconf 91' lang='lat' dir='ltr'><strong>p.</strong></span> 
     </span>
     <span class='ocr_line' id='line_1_22' title="bbox 323 2491 1367 2567; baseline -0.004 -14"><span class='ocrx_word' id='word_1_175' title='bbox 323 2499 367 2553; x_wconf 77' lang='lat' dir='ltr'><strong>ts.</strong></span> <span class='ocrx_word' id='word_1_176' title='bbox 413 2493 466 2550; x_wconf 84' lang='lat' dir='ltr'><strong>Sed</strong></span> <span class='ocrx_word' id='word_1_177' title='bbox 493 2497 657 2562; x_wconf 82' lang='lat' dir='ltr'><strong>inutraque</strong></span> <span class='ocrx_word' id='word_1_178' title='bbox 683 2495 800 2564; x_wconf 87' lang='lat' dir='ltr'><strong>populo,</strong></span> <span class='ocrx_word' id='word_1_179' title='bbox 830 2503 859 2551; x_wconf 89' lang='lat' dir='ltr'><strong>ut</strong></span> <span class='ocrx_word' id='word_1_180' title='bbox 884 2511 1005 2567; x_wconf 86' lang='lat' dir='ltr'><strong>quaeque</strong></span> <span class='ocrx_word' id='word_1_181' title='bbox 1031 2511 1076 2550; x_wconf 85' lang='lat' dir='ltr'><strong>ars</strong></span> <span class='ocrx_word' id='word_1_182' title='bbox 1104 2503 1132 2550; x_wconf 87' lang='lat' dir='ltr'><strong>et</strong></span> <span class='ocrx_word' id='word_1_183' title='bbox 1163 2491 1277 2552; x_wconf 84' lang='lat' dir='ltr'><strong>scientia</strong></span> <span class='ocrx_word' id='word_1_184' title='bbox 1301 2496 1367 2550; x_wconf 85' lang='lat' dir='ltr'><strong>sab·</strong></span> 
     </span>
     <span class='ocr_line' id='line_1_23' title="bbox 324 2573 1385 2658; baseline 0 -24"><span class='ocrx_word' id='word_1_185' title='bbox 324 2583 400 2636; x_wconf 87' lang='lat' dir='ltr'><strong>tilior</strong></span> <span class='ocrx_word' id='word_1_186' title='bbox 428 2585 488 2636; x_wconf 87' lang='lat' dir='ltr'><strong>erat</strong></span> <span class='ocrx_word' id='word_1_187' title='bbox 511 2585 538 2632; x_wconf 89' lang='lat' dir='ltr'><strong>ct</strong></span> <span class='ocrx_word' id='word_1_188' title='bbox 563 2594 594 2633; x_wconf 82' lang='lat' dir='ltr'><strong>ex</strong></span> <span class='ocrx_word' id='word_1_189' title='bbox 613 2579 792 2636; x_wconf 85' lang='lat' dir='ltr'><strong>abditioribus</strong></span> <span class='ocrx_word' id='word_1_190' title='bbox 813 2579 932 2634; x_wconf 82' lang='lat' dir='ltr'><strong>tontibus</strong></span> <span class='ocrx_word' id='word_1_191' title='bbox 950 2579 1114 2644; x_wconf 79' lang='lat' dir='ltr'><strong>haurienda,</strong></span> <span class='ocrx_word' id='word_1_192' title='bbox 1133 2573 1178 2638; x_wconf 51' lang='lat' dir='ltr'><strong>{ita</strong></span> <span class='ocrx_word' id='word_1_193' title='bbox 1196 2583 1281 2634; x_wconf 86' lang='lat' dir='ltr'><strong>minus</strong></span> <span class='ocrx_word' id='word_1_194' title='bbox 1300 2594 1385 2658; x_wconf 81' lang='lat' dir='ltr'><strong>gra-¹</strong></span> 
     </span>
    </p>

    <p class='ocr_par' dir='ltr' id='par_1_7' title="bbox 231 2663 1367 2991">
     <span class='ocr_line' id='line_1_24' title="bbox 231 2663 1366 2743; baseline 0.001 -25"><span class='ocrx_word' id='word_1_195' title='bbox 231 2735 235 2743; x_wconf 33' lang='grc'>1</span> <span class='ocrx_word' id='word_1_196' title='bbox 289 2723 291 2728; x_wconf 61' lang='grc'>,</span> <span class='ocrx_word' id='word_1_197' title='bbox 323 2671 379 2720; x_wconf 89' lang='lat' dir='ltr'><strong>tiae</strong></span> <span class='ocrx_word' id='word_1_198' title='bbox 410 2669 437 2720; x_wconf 89' lang='lat' dir='ltr'><strong>et</strong></span> <span class='ocrx_word' id='word_1_199' title='bbox 468 2663 580 2718; x_wconf 83' lang='lat' dir='ltr'><strong>honoris</strong></span> <span class='ocrx_word' id='word_1_200' title='bbox 610 2663 727 2720; x_wconf 88' lang='lat' dir='ltr'><strong>babebat</strong></span> <span class='ocrx_word' id='word_1_201' title='bbox 757 2667 785 2719; x_wconf 90' lang='lat' dir='ltr'><strong>in</strong></span> <span class='ocrx_word' id='word_1_202' title='bbox 815 2665 921 2736; x_wconf 82' lang='lat' dir='ltr'><strong>uulgus.</strong></span> <span class='ocrx_word' id='word_1_203' title='bbox 974 2665 1068 2736; x_wconf 83' lang='lat' dir='ltr'><strong>ltaque</strong></span> <span class='ocrx_word' id='word_1_204' title='bbox 1094 2663 1137 2718; x_wconf 81' lang='lat' dir='ltr'><strong>vel</strong></span> <span class='ocrx_word' id='word_1_205' title='bbox 1164 2666 1366 2719; x_wconf 86' lang='lat' dir='ltr'><strong>utilissimarum</strong></span> 
     </span>
     <span class='ocr_line' id='line_1_25' title="bbox 323 2738 1367 2820; baseline 0 -16"><span class='ocrx_word' id='word_1_206' title='bbox 323 2752 420 2820; x_wconf 88' lang='lat' dir='ltr'><strong>periti,</strong></span> <span class='ocrx_word' id='word_1_207' title='bbox 458 2747 633 2814; x_wconf 80' lang='lat' dir='ltr'><strong>Geometras,</strong></span> <span class='ocrx_word' id='word_1_208' title='bbox 668 2748 839 2814; x_wconf 76' lang='lat' dir='ltr'><strong>Astromomi,</strong></span> <span class='ocrx_word' id='word_1_209' title='bbox 875 2749 991 2816; x_wconf 85' lang='lat' dir='ltr'><strong>Medici,</strong></span> <span class='ocrx_word' id='word_1_210' title='bbox 1026 2738 1197 2805; x_wconf 82' lang='lat' dir='ltr'><strong>Grammatici</strong></span> <span class='ocrx_word' id='word_1_211' title='bbox 1223 2757 1249 2804; x_wconf 91' lang='lat' dir='ltr'><strong>et</strong></span> <span class='ocrx_word' id='word_1_212' title='bbox 1272 2749 1367 2806; x_wconf 70' lang='lat' dir='ltr'><strong>(tritici</strong></span> 
     </span>
     <span class='ocr_line' id='line_1_26' title="bbox 323 2833 1364 2906; baseline 0.001 -17"><span class='ocrx_word' id='word_1_213' title='bbox 323 2850 407 2906; x_wconf 88' lang='lat' dir='ltr'><strong>paene</strong></span> <span class='ocrx_word' id='word_1_214' title='bbox 432 2834 669 2890; x_wconf 82' lang='lat' dir='ltr'><strong>contemnebantur</strong></span> <span class='ocrx_word' id='word_1_215' title='bbox 693 2850 758 2904; x_wconf 87' lang='lat' dir='ltr'><strong>prae</strong></span> <span class='ocrx_word' id='word_1_216' title='bbox 779 2833 897 2888; x_wconf 86' lang='lat' dir='ltr'><strong>Oratore</strong></span> <span class='ocrx_word' id='word_1_217' title='bbox 923 2841 949 2888; x_wconf 94' lang='lat' dir='ltr'><strong>et</strong></span> <span class='ocrx_word' id='word_1_218' title='bbox 972 2851 1060 2888; x_wconf 88' lang='lat' dir='ltr'><strong>rerum</strong></span> <span class='ocrx_word' id='word_1_219' title='bbox 1081 2835 1196 2888; x_wconf 67' lang='lat' dir='ltr'><strong>civilium</strong></span> <span class='ocrx_word' id='word_1_220' title='bbox 1217 2835 1364 2905; x_wconf 75' lang='lat' dir='ltr'><strong>prudente:</strong></span> 
     </span>
     <span class='ocr_line' id='line_1_27' title="bbox 324 2916 1365 2991; baseline 0 -17"><span class='ocrx_word' id='word_1_221' title='bbox 324 2924 382 2991; x_wconf 89' lang='lat' dir='ltr'><strong>ipse</strong></span> <span class='ocrx_word' id='word_1_222' title='bbox 401 2916 577 2972; x_wconf 79' lang='lat' dir='ltr'><strong>Archimedes·</strong></span> <span class='ocrx_word' id='word_1_223' title='bbox 591 2920 699 2970; x_wconf 70' lang='lat' dir='ltr'><strong>transitis</strong></span> <span class='ocrx_word' id='word_1_224' title='bbox 719 2917 890 2971; x_wconf 76' lang='lat' dir='ltr'><strong>tourrmiolus</strong></span> <span class='ocrx_word' id='word_1_225' title='bbox 906 2927 947 2974; x_wconf 85' lang='lat' dir='ltr'><strong>ost</strong></span> <span class='ocrx_word' id='word_1_226' title='bbox 968 2921 1001 2986; x_wconf 82' lang='lat' dir='ltr'><strong>ad</strong></span> <span class='ocrx_word' id='word_1_227' title='bbox 1019 2919 1154 2977; x_wconf 88' lang='lat' dir='ltr'><strong>Platonem</strong></span> <span class='ocrx_word' id='word_1_228' title='bbox 1171 2925 1198 2974; x_wconf 91' lang='lat' dir='ltr'><strong>et</strong></span> <span class='ocrx_word' id='word_1_229' title='bbox 1213 2919 1365 2990; x_wconf 79' lang='lat' dir='ltr'><strong>Archytam.</strong></span> 
     </span>
    </p>

    <p class='ocr_par' dir='ltr' id='par_1_8' title="bbox 216 2995 1365 3160">
     <span class='ocr_line' id='line_1_28' title="bbox 216 2995 1365 3075; baseline 0.002 -19"><span class='ocrx_word' id='word_1_230' title='bbox 216 2995 218 3001; x_wconf 77' lang='grc'><strong>’</strong></span> <span class='ocrx_word' id='word_1_231' title='bbox 325 3003 481 3074; x_wconf 81' lang='lat' dir='ltr'><strong>Quanquam</strong></span> <span class='ocrx_word' id='word_1_232' title='bbox 503 3000 587 3054; x_wconf 77' lang='lat' dir='ltr'><strong>fastus</strong></span> <span class='ocrx_word' id='word_1_233' title='bbox 606 3001 650 3055; x_wconf 87' lang='lat' dir='ltr'><strong>bic</strong></span> <span class='ocrx_word' id='word_1_234' title='bbox 670 3007 711 3054; x_wconf 88' lang='lat' dir='ltr'><strong>cst</strong></span> <span class='ocrx_word' id='word_1_235' title='bbox 731 2999 927 3068; x_wconf 83' lang='lat' dir='ltr'><strong>Romanorum,</strong></span> <span class='ocrx_word' id='word_1_236' title='bbox 956 3008 1000 3075; x_wconf 88' lang='lat' dir='ltr'><strong>qai</strong></span> <span class='ocrx_word' id='word_1_237' title='bbox 1018 3008 1121 3074; x_wconf 84' lang='lat' dir='ltr'><strong>magis,</strong></span> <span class='ocrx_word' id='word_1_238' title='bbox 1150 3019 1228 3073; x_wconf 84' lang='lat' dir='ltr'><strong>quam</strong></span> <span class='ocrx_word' id='word_1_239' title='bbox 1249 3019 1365 3075; x_wconf 86' lang='lat' dir='ltr'><strong>nmquam</strong></span> 
     </span>
     <span class='ocr_line' id='line_1_29' title="bbox 325 3084 1364 3160; baseline 0.001 -18"><span class='ocrx_word' id='word_1_240' title='bbox 325 3087 421 3142; x_wconf 85' lang='lat' dir='ltr'><strong>Graeci</strong></span> <span class='ocrx_word' id='word_1_241' title='bbox 449 3084 586 3151; x_wconf 86' lang='lat' dir='ltr'><strong>iecerunt,</strong></span> <span class='ocrx_word' id='word_1_242' title='bbox 613 3086 739 3139; x_wconf 83' lang='lat' dir='ltr'><strong>liberalia</strong></span> <span class='ocrx_word' id='word_1_243' title='bbox 761 3085 849 3138; x_wconf 87' lang='lat' dir='ltr'><strong>studia</strong></span> <span class='ocrx_word' id='word_1_244' title='bbox 875 3087 908 3140; x_wconf 83' lang='lat' dir='ltr'><strong>al</strong></span> <span class='ocrx_word' id='word_1_245' title='bbox 929 3087 1110 3143; x_wconf 86' lang='lat' dir='ltr'><strong>lucellumrei</strong></span> <span class='ocrx_word' id='word_1_246' title='bbox 1129 3089 1252 3159; x_wconf 87' lang='lat' dir='ltr'><strong>publicae</strong></span> <span class='ocrx_word' id='word_1_247' title='bbox 1272 3097 1298 3144; x_wconf 89' lang='lat' dir='ltr'><strong>et</strong></span> <span class='ocrx_word' id='word_1_248' title='bbox 1314 3107 1364 3160; x_wconf 91' lang='lat' dir='ltr'><strong>pc-</strong></span> 
     </span>
    </p>

    <p class='ocr_par' dir='ltr' id='par_1_9' title="bbox 279 3162 1365 3422">
     <span class='ocr_line' id='line_1_30' title="bbox 279 3162 1365 3245; baseline 0.001 -18"><span class='ocrx_word' id='word_1_249' title='bbox 279 3162 284 3171; x_wconf 79' lang='grc'><em>’</em></span> <span class='ocrx_word' id='word_1_250' title='bbox 323 3175 442 3245; x_wconf 85' lang='lat' dir='ltr'><strong>putarem</strong></span> <span class='ocrx_word' id='word_1_251' title='bbox 462 3171 578 3241; x_wconf 78' lang='lat' dir='ltr'><strong>glorium</strong></span> <span class='ocrx_word' id='word_1_252' title='bbox 601 3171 772 3225; x_wconf 86' lang='lat' dir='ltr'><strong>revocabant.</strong></span> <span class='ocrx_word' id='word_1_253' title='bbox 809 3170 1006 3238; x_wconf 76' lang='lat' dir='ltr'><strong>Cani-Mureti</strong></span> <span class='ocrx_word' id='word_1_254' title='bbox 1024 3172 1089 3227; x_wconf 62' lang='lat' dir='ltr'><strong>Ver,</strong></span> <span class='ocrx_word' id='word_1_255' title='bbox 1108 3173 1194 3228; x_wconf 74' lang='lat' dir='ltr'><strong>Lectt·</strong></span> <span class='ocrx_word' id='word_1_256' title='bbox 1213 3173 1256 3239; x_wconf 86' lang='lat' dir='ltr'><strong>Vl,</strong></span> <span class='ocrx_word' id='word_1_257' title='bbox 1276 3183 1299 3230; x_wconf 89' lang='lat' dir='ltr'><strong>t.</strong></span> <span class='ocrx_word' id='word_1_258' title='bbox 1318 3175 1365 3230; x_wconf 86' lang='lat' dir='ltr'><strong>nbi</strong></span> 
     </span>
     <span class='ocr_line' id='line_1_31' title="bbox 321 3254 1364 3330; baseline 0.002 -18"><span class='ocrx_word' id='word_1_259' title='bbox 321 3273 391 3330; x_wconf 85' lang='lat' dir='ltr'><strong>quae</strong></span> <span class='ocrx_word' id='word_1_260' title='bbox 409 3257 442 3312; x_wconf 79' lang='lat' dir='ltr'><strong>ule</strong></span> <span class='ocrx_word' id='word_1_261' title='bbox 459 3254 633 3326; x_wconf 86' lang='lat' dir='ltr'><strong>philosophia</strong></span> <span class='ocrx_word' id='word_1_262' title='bbox 651 3255 791 3322; x_wconf 89' lang='lat' dir='ltr'><strong>dicuntur,</strong></span> <span class='ocrx_word' id='word_1_263' title='bbox 819 3258 901 3312; x_wconf 84' lang='lat' dir='ltr'><strong>multa</strong></span> <span class='ocrx_word' id='word_1_264' title='bbox 918 3259 998 3312; x_wconf 88' lang='lat' dir='ltr'><strong>etlam</strong></span> <span class='ocrx_word' id='word_1_265' title='bbox 1016 3261 1127 3314; x_wconf 77' lang='lat' dir='ltr'><strong>teriora</strong></span> <span class='ocrx_word' id='word_1_266' title='bbox 1144 3265 1205 3314; x_wconf 83' lang='lat' dir='ltr'><strong>sunt</strong></span> <span class='ocrx_word' id='word_1_267' title='bbox 1222 3259 1254 3314; x_wconf 85' lang='lat' dir='ltr'><strong>ale</strong></span> <span class='ocrx_word' id='word_1_268' title='bbox 1272 3274 1364 3330; x_wconf 80' lang='lat' dir='ltr'><strong>gram-</strong></span> 
     </span>
     <span class='ocr_line' id='line_1_32' title="bbox 322 3341 1229 3422; baseline 0 -24"><span class='ocrx_word' id='word_1_269' title='bbox 322 3347 425 3412; x_wconf 75' lang='lat' dir='ltr'><strong>maticis</strong></span> <span class='ocrx_word' id='word_1_270' title='bbox 444 3341 548 3397; x_wconf 85' lang='lat' dir='ltr'><strong>stadiis.</strong></span> <span class='ocrx_word' id='word_1_271' title='bbox 583 3415 586 3418; x_wconf 11' lang='grc' dir='ltr'>ἡ</span> <span class='ocrx_word' id='word_1_272' title='bbox 749 3417 751 3422; x_wconf 17' lang='grc' dir='ltr'>ι</span> <span class='ocrx_word' id='word_1_273' title='bbox 1020 3405 1024 3410; x_wconf 41' lang='lat'>‚</span> <span class='ocrx_word' id='word_1_274' title='bbox 1056 3383 1069 3402; x_wconf 52' lang='lat'>2</span> <span class='ocrx_word' id='word_1_275' title='bbox 1225 3369 1229 3376; x_wconf 86' lang='lat'><strong>.</strong></span> 
     </span>
    </p>

    <p class='ocr_par' dir='ltr' id='par_1_10' title="bbox 268 3431 1366 4023">
     <span class='ocr_line' id='line_1_33' title="bbox 268 3431 1363 3516; baseline 0.001 -19"><span class='ocrx_word' id='word_1_276' title='bbox 268 3447 300 3516; x_wconf 82' lang='grc'><strong>8)</strong></span> <span class='ocrx_word' id='word_1_277' title='bbox 319 3443 385 3498; x_wconf 89' lang='lat' dir='ltr'><strong>Nam</strong></span> <span class='ocrx_word' id='word_1_278' title='bbox 403 3442 529 3516; x_wconf 83' lang='lat' dir='ltr'><strong>ambigna</strong></span> <span class='ocrx_word' id='word_1_279' title='bbox 550 3445 610 3494; x_wconf 89' lang='lat' dir='ltr'><strong>sant</strong></span> <span class='ocrx_word' id='word_1_280' title='bbox 628 3431 710 3494; x_wconf 77' lang='lat' dir='ltr'><strong>veiha</strong></span> <span class='ocrx_word' id='word_1_281' title='bbox 731 3440 830 3496; x_wconf 88' lang='lat' dir='ltr'><strong>Suidae</strong></span> <span class='ocrx_word' id='word_1_282' title='bbox 853 3455 878 3495; x_wconf 81' lang='lat' dir='ltr'><strong>r.</strong></span> <span class='ocrx_word' id='word_1_283' title='bbox 901 3439 1101 3516; x_wconf 74' lang='grc' dir='ltr'><strong>Ἀρίσταρχοςι</strong></span> <span class='ocrx_word' id='word_1_284' title='bbox 1137 3443 1263 3514; x_wconf 72' lang='grc' dir='ltr'><strong>Λέγεται</strong></span> <span class='ocrx_word' id='word_1_285' title='bbox 1289 3440 1363 3514; x_wconf 81' lang='grc' dir='ltr'><em>γρά-</em></span> 
     </span>
     <span class='ocr_line' id='line_1_34' title="bbox 321 3522 1364 3598; baseline 0.004 -20"><span class='ocrx_word' id='word_1_286' title='bbox 321 3540 377 3596; x_wconf 81' lang='grc' dir='ltr'><strong>ψαι</strong></span> <span class='ocrx_word' id='word_1_287' title='bbox 395 3525 465 3598; x_wconf 76' lang='grc' dir='ltr'><strong>ὑπὲρ</strong></span> <span class='ocrx_word' id='word_1_288' title='bbox 485 3522 506 3576; x_wconf 80' lang='lat' dir='ltr'><strong>oi</strong></span> <span class='ocrx_word' id='word_1_289' title='bbox 524 3527 619 3591; x_wconf 78' lang='grc' dir='ltr'><strong><em>βιβλία</em></strong></span> <span class='ocrx_word' id='word_1_290' title='bbox 638 3523 925 3598; x_wconf 78' lang='grc' dir='ltr'><em>ὑπομνημάτων</em></span> <span class='ocrx_word' id='word_1_291' title='bbox 944 3525 1081 3598; x_wconf 80' lang='grc' dir='ltr'><strong><em>μόνων.</em></strong></span> <span class='ocrx_word' id='word_1_292' title='bbox 1116 3527 1169 3582; x_wconf 83' lang='lat' dir='ltr'><strong>Sed</strong></span> <span class='ocrx_word' id='word_1_293' title='bbox 1188 3541 1317 3598; x_wconf 78' lang='lat' dir='ltr'><strong>nusquam</strong></span> <span class='ocrx_word' id='word_1_294' title='bbox 1335 3530 1364 3582; x_wconf 83' lang='lat' dir='ltr'><strong>in</strong></span> 
     </span>
     <span class='ocr_line' id='line_1_35' title="bbox 320 3609 1364 3680; baseline 0.003 -17"><span class='ocrx_word' id='word_1_295' title='bbox 320 3617 361 3664; x_wconf 91' lang='lat' dir='ltr'><strong>tot</strong></span> <span class='ocrx_word' id='word_1_296' title='bbox 387 3610 454 3663; x_wconf 83' lang='lat' dir='ltr'><strong>locis</strong></span> <span class='ocrx_word' id='word_1_297' title='bbox 479 3613 597 3663; x_wconf 80' lang='lat' dir='ltr'><strong>ueterum</strong></span> <span class='ocrx_word' id='word_1_298' title='bbox 618 3609 698 3662; x_wconf 85' lang='lat' dir='ltr'><strong>ullum</strong></span> <span class='ocrx_word' id='word_1_299' title='bbox 718 3613 853 3680; x_wconf 89' lang='lat' dir='ltr'><strong>proprium</strong></span> <span class='ocrx_word' id='word_1_300' title='bbox 876 3627 943 3680; x_wconf 91' lang='lat' dir='ltr'><strong>opus</strong></span> <span class='ocrx_word' id='word_1_301' title='bbox 960 3610 1110 3666; x_wconf 82' lang='lat' dir='ltr'><strong>Aristarchi</strong></span> <span class='ocrx_word' id='word_1_302' title='bbox 1128 3617 1306 3679; x_wconf 84' lang='lat' dir='ltr'><strong>memoratur,</strong></span> <span class='ocrx_word' id='word_1_303' title='bbox 1334 3619 1364 3667; x_wconf 87' lang='lat' dir='ltr'><strong>at</strong></span> 
     </span>
     <span class='ocr_line' id='line_1_36' title="bbox 318 3693 1363 3768; baseline 0.005 -20"><span class='ocrx_word' id='word_1_304' title='bbox 318 3693 372 3748; x_wconf 86' lang='lat' dir='ltr'><strong>buc</strong></span> <span class='ocrx_word' id='word_1_305' title='bbox 396 3695 562 3764; x_wconf 83' lang='lat' dir='ltr'><strong>potissimum</strong></span> <span class='ocrx_word' id='word_1_306' title='bbox 584 3697 722 3766; x_wconf 86' lang='lat' dir='ltr'><strong>pertinere</strong></span> <span class='ocrx_word' id='word_1_307' title='bbox 747 3699 832 3763; x_wconf 89' lang='lat' dir='ltr'><strong>putem</strong></span> <span class='ocrx_word' id='word_1_308' title='bbox 858 3709 874 3748; x_wconf 88' lang='lat' dir='ltr'><strong>a</strong></span> <span class='ocrx_word' id='word_1_309' title='bbox 893 3694 1024 3767; x_wconf 78' lang='lat' dir='ltr'><strong>l’crpbyr.</strong></span> <span class='ocrx_word' id='word_1_310' title='bbox 1041 3701 1069 3751; x_wconf 93' lang='lat' dir='ltr'><strong>in</strong></span> <span class='ocrx_word' id='word_1_311' title='bbox 1085 3695 1152 3752; x_wconf 80' lang='lat' dir='ltr'><strong>lior,</strong></span> <span class='ocrx_word' id='word_1_312' title='bbox 1169 3696 1266 3768; x_wconf 78' lang='lat' dir='ltr'><strong>Epistt.</strong></span> <span class='ocrx_word' id='word_1_313' title='bbox 1284 3696 1319 3765; x_wconf 90' lang='lat' dir='ltr'><strong>ll,</strong></span> <span class='ocrx_word' id='word_1_314' title='bbox 1338 3708 1363 3764; x_wconf 87' lang='lat'><strong>1,</strong></span> 
     </span>
     <span class='ocr_line' id='line_1_37' title="bbox 319 3777 1365 3852; baseline 0.003 -19"><span class='ocrx_word' id='word_1_315' title='bbox 319 3784 383 3838; x_wconf 75' lang='lat'><strong>257:</strong></span> <span class='ocrx_word' id='word_1_316' title='bbox 398 3784 531 3834; x_wconf 83' lang='lat' dir='ltr'><strong>servatam</strong></span> <span class='ocrx_word' id='word_1_317' title='bbox 551 3779 648 3833; x_wconf 89' lang='lat' dir='ltr'><strong>dictum</strong></span> <span class='ocrx_word' id='word_1_318' title='bbox 667 3777 832 3846; x_wconf 77' lang='lat' dir='ltr'><strong>Aristarchi,</strong></span> <span class='ocrx_word' id='word_1_319' title='bbox 858 3783 903 3849; x_wconf 77' lang='lat' dir='ltr'><strong>qai</strong></span> <span class='ocrx_word' id='word_1_320' title='bbox 921 3798 999 3850; x_wconf 81' lang='lat' dir='ltr'><strong>qaum</strong></span> <span class='ocrx_word' id='word_1_321' title='bbox 1016 3783 1100 3836; x_wconf 84' lang='lat' dir='ltr'><strong>melta</strong></span> <span class='ocrx_word' id='word_1_322' title='bbox 1117 3785 1320 3852; x_wconf 63' lang='lat' dir='ltr'><strong>remoboudem&#39;t</strong></span> <span class='ocrx_word' id='word_1_323' title='bbox 1334 3786 1365 3836; x_wconf 75' lang='lat' dir='ltr'><strong>to</strong></span> 
     </span>
     <span class='ocr_line' id='line_1_38' title="bbox 320 3854 1365 3938; baseline 0.004 -20"><span class='ocrx_word' id='word_1_324' title='bbox 320 3870 453 3928; x_wconf 81' lang='lat' dir='ltr'><strong>Homero,</strong></span> <span class='ocrx_word' id='word_1_325' title='bbox 479 3854 695 3934; x_wconf 82' lang='lat' dir='ltr'><strong>(interrogatus,</strong></span> <span class='ocrx_word' id='word_1_326' title='bbox 724 3871 804 3933; x_wconf 86' lang='lat' dir='ltr'><strong>puta,</strong></span> <span class='ocrx_word' id='word_1_327' title='bbox 831 3856 866 3917; x_wconf 79' lang='lat' dir='ltr'><strong>ali</strong></span> <span class='ocrx_word' id='word_1_328' title='bbox 893 3867 1002 3938; x_wconf 87' lang='lat' dir='ltr'><strong>aliquo,</strong></span> <span class='ocrx_word' id='word_1_329' title='bbox 1030 3884 1078 3922; x_wconf 90' lang='lat' dir='ltr'><strong>cur</strong></span> <span class='ocrx_word' id='word_1_330' title='bbox 1102 3883 1157 3922; x_wconf 90' lang='lat' dir='ltr'><strong>mcn</strong></span> <span class='ocrx_word' id='word_1_331' title='bbox 1173 3871 1231 3938; x_wconf 87' lang='lat' dir='ltr'><strong>ipse</strong></span> <span class='ocrx_word' id='word_1_332' title='bbox 1247 3865 1365 3922; x_wconf 82' lang='lat' dir='ltr'><strong>Carmen</strong></span> 
     </span>
     <span class='ocr_line' id='line_1_39' title="bbox 320 3949 1366 4023; baseline 0.004 -21"><span class='ocrx_word' id='word_1_333' title='bbox 320 3957 492 4019; x_wconf 88' lang='lat' dir='ltr'><strong>componeret</strong></span> <span class='ocrx_word' id='word_1_334' title='bbox 509 3950 542 4004; x_wconf 90' lang='lat' dir='ltr'><strong>ad</strong></span> <span class='ocrx_word' id='word_1_335' title='bbox 562 3953 676 4020; x_wconf 86' lang='lat' dir='ltr'><strong>optimas</strong></span> <span class='ocrx_word' id='word_1_336' title='bbox 695 3949 771 4018; x_wconf 80' lang='lat' dir='ltr'><strong>leges</strong></span> <span class='ocrx_word' id='word_1_337' title='bbox 789 3950 888 4018; x_wconf 87' lang='lat' dir='ltr'><strong>artis,)</strong></span> <span class='ocrx_word' id='word_1_338' title='bbox 915 3953 1018 4018; x_wconf 79' lang='lat' dir='ltr'><strong>olebat,</strong></span> <span class='ocrx_word' id='word_1_339' title='bbox 1050 3957 1170 4023; x_wconf 31' lang='lat' dir='ltr'><strong>*menae</strong></span> <span class='ocrx_word' id='word_1_340' title='bbox 1197 3970 1234 4007; x_wconf 83' lang='lat' dir='ltr'><strong>ae</strong></span> <span class='ocrx_word' id='word_1_341' title='bbox 1257 3971 1366 4021; x_wconf 76' lang='lat' dir='ltr'><strong>paese</strong></span> 
     </span>
    </p>

    <p class='ocr_par' dir='ltr' id='par_1_11' title="bbox 291 4035 1364 4200">
     <span class='ocr_line' id='line_1_40' title="bbox 291 4035 1364 4108; baseline 0.007 -23"><span class='ocrx_word' id='word_1_342' title='bbox 291 4053 293 4058; x_wconf 69' lang='grc'>’</span> <span class='ocrx_word' id='word_1_343' title='bbox 318 4035 495 4104; x_wconf 70' lang='lat' dir='ltr'><strong>scribere,</strong></span> <span class='ocrx_word' id='word_1_344' title='bbox 522 4037 802 4105; x_wconf 74' lang='lat' dir='ltr'><strong>poeouodmodom</strong></span> <span class='ocrx_word' id='word_1_345' title='bbox 826 4039 951 4100; x_wconf 79' lang='lat' dir='ltr'><strong>uellet,</strong></span> <span class='ocrx_word' id='word_1_346' title='bbox 974 4056 1087 4108; x_wconf 81' lang='lat' dir='ltr'><strong>oeque</strong></span> <span class='ocrx_word' id='word_1_347' title='bbox 1109 4042 1364 4107; x_wconf 53' lang='lat' dir='ltr'><strong>cellesqoear-</strong></span> 
     </span>
     <span class='ocr_line' id='line_1_41' title="bbox 320 4119 1364 4200; baseline 0.006 -28"><span class='ocrx_word' id='word_1_348' title='bbox 320 4122 498 4175; x_wconf 66' lang='lat' dir='ltr'><strong>admodum</strong></span> <span class='ocrx_word' id='word_1_349' title='bbox 522 4130 656 4190; x_wconf 79' lang='lat' dir='ltr'><strong>posset.</strong></span> <span class='ocrx_word' id='word_1_350' title='bbox 692 4119 903 4174; x_wconf 70' lang='lat' dir='ltr'><strong>tantummdo</strong></span> <span class='ocrx_word' id='word_1_351' title='bbox 922 4125 1132 4192; x_wconf 74' lang='lat' dir='ltr'><strong>prolaetetur,</strong></span> <span class='ocrx_word' id='word_1_352' title='bbox 1158 4131 1185 4180; x_wconf 90' lang='lat' dir='ltr'><strong>et</strong></span> <span class='ocrx_word' id='word_1_353' title='bbox 1202 4123 1364 4200; x_wconf 78' lang='lat' dir='ltr'><strong>prudentiae</strong></span> 
     </span>
    </p>
   </div>
   <div class='ocr_carea' id='block_1_7' title="bbox 318 4203 1367 4344">
    <p class='ocr_par' dir='ltr' id='par_1_12' title="bbox 318 4203 1367 4344">
     <span class='ocr_line' id='line_1_42' title="bbox 319 4203 1367 4280; baseline 0.007 -24"><span class='ocrx_word' id='word_1_354' title='bbox 319 4203 518 4278; x_wconf 82' lang='lat' dir='ltr'><strong>modestiaeque</strong></span> <span class='ocrx_word' id='word_1_355' title='bbox 543 4207 638 4276; x_wconf 66' lang='lat' dir='ltr'><strong>plenam</strong></span> <span class='ocrx_word' id='word_1_356' title='bbox 664 4207 814 4276; x_wconf 81' lang='lat' dir='ltr'><strong>similisque</strong></span> <span class='ocrx_word' id='word_1_357' title='bbox 830 4212 870 4262; x_wconf 81' lang='lat' dir='ltr'><strong>est</strong></span> <span class='ocrx_word' id='word_1_358' title='bbox 887 4211 1021 4265; x_wconf 66' lang='lat' dir='ltr'><strong>§antemio</strong></span> <span class='ocrx_word' id='word_1_359' title='bbox 1038 4214 1151 4280; x_wconf 76' lang='lat' dir='ltr'><strong>poetae,</strong></span> <span class='ocrx_word' id='word_1_360' title='bbox 1178 4214 1288 4278; x_wconf 76' lang='lat' dir='ltr'><strong>Foonor</strong></span> <span class='ocrx_word' id='word_1_361' title='bbox 1306 4213 1367 4264; x_wconf 80' lang='lat' dir='ltr'><strong>eice</strong></span> 
     </span>
     <span class='ocr_line' id='line_1_43' title="bbox 318 4291 453 4344; baseline 0.03 -4"><span class='ocrx_word' id='word_1_362' title='bbox 318 4291 385 4341; x_wconf 83' lang='lat' dir='ltr'><strong>cotis</strong></span> <span class='ocrx_word' id='word_1_363' title='bbox 401 4296 453 4344; x_wconf 70' lang='lat' dir='ltr'><strong>etc,</strong></span> 
     </span>
    </p>
   </div>
   <div class='ocr_carea' id='block_1_8' title="bbox 0 0 1492 4900">
    <p class='ocr_par' dir='ltr' id='par_1_13' title="bbox 0 0 1492 4900">
     <span class='ocr_line' id='line_1_44' title="bbox 0 0 1492 4900; baseline 0 2"><span class='ocrx_word' id='word_1_364' title='bbox 0 0 1492 4900; x_wconf 95' lang='lat' dir='ltr'><strong> </strong></span> 
     </span>
    </p>
   </div>
  </div>
 </body>
</html>
