2944 4900
191 2163 194 2172 ¹
308 2164 488 2237 scriptoribus

293 1665 362 1721 adeo
381 1662 457 1719 suut,
483 1647 580 1722 quibus
598 1650 676 1693 nemo
695 1648 711 1683 ιι

295 1751 330 1807 ,ht
346 1747 402 1801 illls'
419 1742 549 1812 quotuor,
572 1719 720 1780 ol’lotone
740 1709 828 1764 hicib.
873 1739 879 1750 .

298 1833 387 1888 sedem
401 1826 551 1880 inventum,
569 1819 656 1878 neque
670 1816 703 1855 ex
717 1795 801 1850 retiis
819 1786 887 1842 locis
899 1791 931 1830 eo

832 1887 867 1925 on
890 1865 980 1918 turned
998 1856 1057 1908 siue
1076 1845 1166 1902 uncis,
1197 1835 1260 1912 quia
1279 1841 1347 1897 puc-

300 1916 398 1972 hnbeo.
435 1907 526 1969 Quare
544 1911 592 1952 eos
610 1892 650 1945 ibi
665 1868 830 1942 inserni‚'n

831 1951 939 2010 Celticis
964 1954 1017 1996 une
1037 1948 1094 1988 com
1113 1925 1224 1994 ,vulgato
1243 1932 1266 1968 v.
1288 1913 1352 1966 548.

279 2039 283 2044 -
304 1997 391 2057 builli
407 1992 440 2048 de
458 1999 542 2044 causo
569 1979 604 2034 ab
622 1965 812 2051 hleupndrinis

812 2037 864 2097 tem
890 2043 919 2089 et
944 2023 1067 2082 similium
1091 2021 1230 2069 uersuum,
1262 1997 1357 2076 quita

515 2152 626 2208 Graecis
650 2141 751 2213 possin
777 2131 894 2185 Homero
918 2111 1088 2168 tribuuntur,
1115 2095 1213 2150 nullum
1239 2085 1359 2154 apparet

744 2235 766 2272 s.
802 2215 836 2268 ht
853 2208 920 2261 boec
935 2197 1042 2253 omuino
1058 2185 1135 2240 buius
1148 2176 1255 2250 generis
1269 2181 1359 2240 prope

753 2295 935 2365 incognitum
971 2277 1053 2350 multo
1082 2269 1172 2340 plures
1202 2252 1363 2314 Eustatbios

796 2394 858 2435 ores
872 2389 927 2428 non
940 2361 1122 2422 meminerunt
1151 2349 1207 2406 ileo
1221 2345 1365 2410 reputans.

310 2251 454 2318 vestigio·
472 2248 501 2296 irr
521 2234 638 2290 scholiis
656 2222 742 2280 nostri

313 2334 412 2388 nullum
441 2325 585 2397 proterunt
613 2306 721 2367 aliunde

332 2924 418 2996 Φήμη
440 2921 465 2972 δ’
485 2917 513 2974 ἐς
529 2905 654 2982 στρατὸν
673 2897 728 2966 {pl-d
751 2933 759 2956 ,

333 3011 388 3070 bit,
416 3003 468 3057 etsi
491 2998 518 3051 id
539 2979 773 3054 disertetroditur
799 2973 827 3026 in
852 2964 964 3021 Homeri

333 3105 414 3156 saepe
431 3085 517 3152 repeti
534 3083 562 3132 ic
580 3075 676 3130 iliade.
718 3059 776 3130 Ego
797 3049 942 3124 aliquando

346 3515 518 3588 motetionem
538 3504 678 3556 multorum
702 3493 822 3544 locorum

350 3598 421 3672 quod
437 3583 600 3648 hemistichii
616 3581 689 3634 illios
712 3585 790 3626 nemo
808 3571 927 3620 veterum
952 3555 1039 3623 lnlpp.

347 3685 438 3744 thius,
463 3691 517 3730 non
538 3671 609 3724 ullus
628 3660 855 3718 Scholiastorem,
880 3648 907 3701 ld
928 3640 1033 3716 quidem
1062 3633 1148 3686 minos
1167 3623 1261 3676 mlrunn
1279 3607 1394 3664 uidetur.

351 3770 452 3824 Carent
476 3761 516 3814 illi
539 3757 622 3810 ¹cticm
646 3741 800 3816 insignibus
817 3733 956 3793 versibus,
981 3735 1048 3794 quos
1075 3711 1179 3768 duobus
1202 3703 1270 3758 locis
1289 3695 1397 3750 Plator-

354 3853 418 3912 ebus
436 3849 516 3902 docet
538 3841 572 3895 ab
589 3830 780 3894 Alexandrinis
798 3824 944 3892 expunctus
968 3823 1028 3866 esse
1054 3806 1083 3857 in
1109 3797 1235 3853 oratioue
1255 3779 1399 3838 Phoenicis

357 3963 375 3994 ι.
394 3941 455 3994 458.
475 3945 553 4000 sqq.‚
580 3919 715 3991 repositos
741 3929 757 3966 e
781 3925 821 3964 nne
839 3906 953 3959 aliorum
979 3889 1099 3958 exemplo
1121 3889 1147 3938 et
1165 3876 1267 3934 iudicio
1284 3861 1399 3922 latete-

358 4027 430 4081 narii
449 4017 535 4072 Diotr.
555 4013 584 4064 in
602 4000 738 4072 Euripidis
755 3993 859 4061 Reliqq.
878 4005 904 4057 p.
923 3985 984 4038 264.
1026 3977 1149 4030 Ceterum
1171 3980 1203 4018 ex
1219 3961 1262 4014 bis
1280 3948 1402 4006 omnibus

620 4104 683 4144 vere
701 4089 753 4138 iem
772 4077 868 4131 dudum
893 4067 1042 4137 Gipbonius
1065 4055 1196 4114 senserit,
1220 4048 1322 4100 textus,
1352 4047 1403 4104 quo

361 4111 490 4179 apparet,
517 4111 595 4170 quam

849 4173 891 4213 um
909 4157 937 4207 in
956 4154 1049 4204 nostro
1068 4157 1121 4196 non
1141 4141 1293 4204 superesse.
1328 4117 1357 4172 ld
1374 4131 1406 4169 ex

363 4181 570 4248 AlexanderM.
591 4191 655 4231 usus
673 4175 723 4232 sil,
746 4160 847 4230 exempl

361 4291 417 4332 uno
436 4268 582 4328 Aristotele
599 4257 716 4327 intelligi
735 4249 842 4306 licebat.
