2944 4900
483 337 856 409 PROLEGOMENA.
1223 327 1244 392 5

193 541 280 604 lleur.
312 537 427 618 qrridem
454 533 648 614 ,Stepbsnnmffl
669 526 827 592 Barnesius
860 541 920 585 uon
953 521 1090 584 immerito
1126 525 1247 582 accnsal

97 643 244 707 Eustatbio
280 641 463 720 negligenter
497 653 581 696 usuum
612 632 719 694 luisse:
758 629 815 690 uisi
853 623 1112 688 laboriosissimum
1142 622 1245 694 sirum

97 767 179 828 qurum
201 745 360 812 subitarias
384 748 468 802 notes
490 737 645 809 scriberet,
676 751 713 794 ea
732 731 811 793 dions
833 726 939 790 afferre
963 725 1109 798 noluisse,
1140 723 1261 805 quibus·

97 869 151 912 non
172 849 211 914 ad
233 844 437 926 corrigendum
456 849 526 902 usus
552 845 639 900 esset.
686 835 748 897 lllis
776 832 850 893 enim
874 829 999 893 saeculis
1022 829 1138 910 impune
1160 826 1246 889 dissi-

22 951 38 984 '‘
95 953 274 1014 molebantur
294 949 429 1019 labores,
459 960 533 1024 quos
551 941 642 1004 bodie
662 938 777 1000 mutatis
797 934 925 1000 moribus
945 933 976 994 iu
996 932 1090 994 lucem
1110 928 1246 1012 prolerre

96 1055 234 1137 cogimur.
276 1055 323 1115 lta
352 1050 389 1111 sb
409 1047 516 1109 Aldina
544 1042 612 1104 iudo
633 1040 760 1102 secunda
785 1039 917 1120 pluribus
943 1037 1073 1118 priorum
1095 1032 1245 1106 editorum,

98 1161 222 1241 mauris
243 1154 422 1226 tarentinis,
444 1151 520 1210 horne
543 1143 760 1206 Grammaticnm
780 1159 902 1224 prorsus
924 1139 1086 1218 neglectum
1107 1153 1167 1198 uon
1182 1151 1247 1197 cre-

97 1265 173 1338 dam,
196 1281 235 1324 ex
254 1277 312 1341 qno
331 1274 383 1318 eos
409 1253 494 1314 etism
515 1247 661 1328 recepisse
681 1243 767 1306 uideo
789 1240 947 1314 nonnulla,
970 1255 1046 1320 qnae
1067 1241 1117 1304 rix
1130 1237 1248 1300 aliunde
1444 1270 1450 1344 p

97 1384 205 1428 sumere
226 1366 360 1446 possent:
387 1353 443 1416 sed
465 1349 656 1413 constantiam
676 1344 900 1425 comparationis
922 1359 981 1404 non
1002 1341 1128 1422 reperio.
1162 1339 1250 1400 liem-

98 1487 150 1550 que
170 1485 208 1528 ne
231 1465 363 1526 Romana
385 1455 500 1538 quidem
517 1451 606 1514 editio
626 1449 715 1530 plane
733 1447 854 1528 probat,
874 1443 927 1504 illa
948 1461 1025 1523 qnae
1037 1450 1145 1506 textum
1165 1443 1248 1504 iuxts
1265 1443 1300 1498 10

97 1581 122 1633 et
142 1569 220 1632 illius
248 1558 487 1628 commentarium
511 1553 646 1617 eontinet.
688 1550 755 1630 lpse
776 1564 847 1608 uero
867 1545 1040 1618 baeresim,
1069 1547 1120 1626 spui
1142 1543 1249 1607 Eusta-

97 1676 143 1737 tbii
160 1675 273 1736 intima
293 1665 410 1727 samnio
438 1679 473 1719 se
493 1656 677 1738 compalasse
697 1654 802 1725 iactat,
831 1667 918 1730 qnam
943 1648 973 1709 in
998 1648 1054 1708 bac
1077 1655 1106 1708 et
1126 1646 1248 1726 reliquis

95 1774 324 1860 professionibus
340 1765 406 1828 suis
427 1779 520 1824 uanus
539 1758 591 1832 sit,
615 1764 643 1818 ct
664 1755 716 1817 alii
736 1754 793 1816 viri
815 1752 908 1826 docti,
936 1759 966 1814 et
983 1769 1059 1812 nnus
1080 1749 1116 1811 dc
1137 1748 1248 1829 paucis,

97 1883 141 1963 qui
161 1875 344 1942 Eustatbium
368 1865 502 1947 guaviter
520 1860 722 1943 perlegerant,
752 1854 962 1922 Valckenarius
984 1853 1102 1915 monuit.
1145 1849 1249 1929 Neque

96 1995 183 2047 tamen
207 1974 384 2043 Baruesius,
412 1975 510 2030 cetura
538 1964 653 2044 ineptus
675 1963 779 2032 bomo,
805 1967 834 2020 et
855 1977 958 2039 parum
979 1961 1115 2018 accurate
1138 1951 1250 2024 doctus,

96 2090 145 2149 boe
173 2082 266 2147 laude
291 2071 472 2140 truncandus
503 2074 561 2140 est,
590 2083 654 2126 enm
680 2063 771 2122 {trisse
798 2062 935 2140 primum,
973 2059 1023 2137 qui
1055 2073 1092 2115 ex
1121 2052 1250 2130 antiquis

97 2187 283 2271 scriptoribus
305 2173 416 2257 aliquid
439 2171 477 2232 cd
498 2159 708 2247 insequentium
730 2179 812 2222 usum
835 2165 1032 2240 expromeret,
1055 2151 1166 2232 aliquid
1186 2153 1249 2232 ipse

96 2293 176 2354 etium
198 2307 238 2351 ex
258 2285 303 2346 his
316 2279 444 2342 fontibus
465 2276 539 2337 bene
553 2269 723 2348 corrigeret.
765 2261 950 2324 Temerarius
966 2259 1027 2320 eires
1043 2253 1250 2332 correctiones,
1296 2303 1299 2310 ,

97 2411 211 2456 numero
240 2387 356 2471 plnres,
385 2380 436 2461 qni
466 2393 568 2439 morsus
596 2369 751 2453 expunxit,
781 2364 932 2436 Cluilius,
969 2361 1014 2422 nir
1043 2355 1249 2440 grammaticae

97 2501 244 2564 leoninae
266 2487 472 2574 peritissimos,
500 2476 647 2556 ingenium
673 2473 782 2550 ubique
804 2465 901 2548 prodit
922 2463 972 2526 tali
1001 2463 1098 2526 labori
1119 2467 1149 2522 et
1172 2457 1248 2520 omni

97 2599 241 2664 seueritati
256 2593 374 2657 criticae
395 2601 504 2668 operae
526 2580 661 2642 oliorum.
703 2572 732 2632 ls
754 2571 845 2648 igitur
865 2566 1066 2630 auctoritatem
1082 2563 1248 2633 lectionum,

96 2721 168 2786 quae
189 2698 306 2782 quidem
335 2709 373 2754 cx
393 2683 524 2750 uetustis·
542 2677 680 2759 exemplis
699 2675 760 2755 peti
786 2671 924 2742 debebat,
957 2667 1066 2741 omisit,
1098 2668 1248 2726 contentus

252 2820 271 2862 a
292 2797 343 2860 illa
361 2787 520 2858 uarietate,
542 2799 629 2862 quam
643 2773 799 2857 Appendix
812 2770 976 2849 rodgarium
996 2769 1066 2829 olim
1083 2765 1248 2834 editionum,

339 2891 562 2974 ‘Barnesinsque
590 2881 745 2952 dederaut3
781 2876 822 2938 ad·
847 2872 1027 2936 Eustatbium
1050 2865 1099 2930 uel
1129 2861 1249 2926 Scbolia

216 3004 358 3072 devertit,
373 2997 424 3062 ubi
445 2993 497 3056 alii
516 2993 686 3059 haeserant,
716 2967 766 3046 a'rm
787 2981 851 3062 ipse
872 2975 1033 3042 sententiae
1063 2987 1136 3034 sorae
1157 2983 1249 3047 quse·

97 3119 176 3179 rebat
201 3119 367 3178 erectorem3
404 3099 519 3178 reliqua
546 3092 663 3161 lexiter,
691 3093 719 3148 et
739 3085 859 3161 leniter,
888 3083 1019 3160 miraque
1039 3070 1248 3142 moderatione,

96 2809 154 2871 tero
173 2821 250 2889 pars

98 2920 123 2972 ct
150 2907 318 2988 Stephanus

97 3016 188 3076 rarius

97 3229 125 3283 nt
148 3211 353 3292 nonnunquam
375 3205 424 3269 uel
451 3205 481 3264 iu
505 3197 589 3261 meris
618 3190 733 3270 ineptiis
761 3187 896 3250 Buruesii
922 3183 993 3244 nihil
1020 3177 1077 3238 uisi
1102 3171 1248 3234 edoceam

97 3327 248 3385 sotionem
273 3313 425 3376 desideret
469 3305 536 3368 Alio
558 3295 653 3358 auimo
676 3299 704 3351 et
724 3289 873 3350 ducturae
894 3285 1038 3362 apparatu
1059 3274 1097 3334 ad
1116 3275 1249 3349 repeten-

96 3429 161 3489 dum
181 3419 370 3485 Glarlianum
390 3407 549 3490 exemplum
570 3394 692 3460 accessit
714 3390 879 3460 Ernestius,
903 3383 955 3446 etsi
978 3397 1037 3441 non
1057 3382 1176 3455 sponte,
1197 3363 1248 3427 sed

97 3527 209 3592 librarii
230 3523 277 3584 sui
295 3520 454 3583 uoluntate.
504 3508 597 3583 Qunam
620 3493 737 3560 obrem
760 3513 824 3556 eum
844 3489 937 3568 magis
959 3475 1157 3546 admirandum
1177 3477 1248 3553 puto

97 3635 126 3694 in
146 3625 280 3692 ornando
299 3625 356 3686 boc
376 3621 473 3683 alieno
499 3627 605 3693 opere,
636 3620 722 3682 quum
748 3601 778 3660 iu
802 3593 930 3678 propriis
957 3579 1143 3668 quibusdam,
1172 3585 1256 3652 quae

97 3729 270 3797 contentiori
291 3725 386 3787 studio
408 3714 573 3802 perpolivit.
616 3707 671 3770 llic
693 3714 802 3772 tamen,
827 3698 877 3778 qui
900 3702 928 3756 et
950 3680 1132 3753 conterendis
1155 3674 1299 3758 pluri-11

96 3841 150 3902 bus
170 3833 254 3898 libris
277 3811 395 3892 et'rero
417 3823 503 3884 etiam
523 3803 695 3882 iudicando,
722 3805 753 3868 id
775 3799 854 3884 qurod
873 3795 967 3858 multis
990 3789 1064 3852 locis
1085 3779 1248 3847 acutissime

95 3943 182 4014 iacit,
215 3933 341 3999 omnium
367 3929 471 4010 optime
503 3921 539 3983 de
564 3914 688 3977 lectione
709 3905 862 3970 Homerica
883 3883 1000 3968 meruit,
1027 3890 1104 3952 idem
1132 3880 1249 3944 videbat

97 4040 340 4124 significabatque
374 4035 405 4093 iu
432 4023 560 4090 Praelat.
588 4015 653 4082 Vol.
683 4011 735 4086 V.‚
773 4013 909 4089 quamum
940 4013 1031 4081 porro
1058 3983 1249 4053 laborandum

99 4154 193 4219 esset,
221 4141 289 4204 dum
310 4135 479 4214 contingere
499 4129 599 4207 posset
619 4123 739 4200 poetae,
762 4122 799 4174 -ut
829 4110 865 4172 ab
888 4105 962 4165 omni
990 4103 1074 4179 purte
1102 4105 1193 4173 purus
1222 4091 1250 4145 et

97 4247 265 4312 emendatus
284 4239 424 4324 prodiret.
460 4229 585 4292 Tantum
604 4223 707 4284 aberet
719 4215 770 4278 ille
792 4223 963 4293 aperueras
984 4200 1120 4281 opinione
1138 4205 1251 4259 eornm,

98 4354 150 4434 qut
174 4349 318 4427 ludisque
337 4345 413 4405 bruno
433 4341 558 4406 textum,
581 4324 675 4406 qualis
690 4317 840 4404 paullatim
861 4313 937 4374 lorte
950 4307 1068 4370 fortuna
1083 4299 1176 4361 lactus
1198 4297 1251 4362 est.
