2944 4900
216 323 261 392 72
608 317 971 384 raouaooctartn.

218 512 408 596 pertinacem,
431 515 483 571 aut
496 506 637 588 denique,
660 526 747 588 quum
759 513 886 571 uetmem
901 507 976 568 iram
993 519 1071 567 nora
1087 503 1255 586 expulisset,
1277 505 1377 570 uiuus

219 614 377 693 insignem,
400 627 510 684 acrem,
531 607 652 683 Ionem,
674 610 868 689 generosum?
904 613 949 676 hu
972 617 1004 671 tu
1017 608 1120 672 mirum
1136 616 1238 690 putus,
1264 616 1293 670 et
1310 623 1379 672 nou

220 725 358 790 namrae,
379 713 432 777 sed
454 711 541 788 aris,
563 712 594 774 iu
617 719 660 774 tot
681 713 782 793 mythis
805 713 884 776 illius
905 712 978 775 belli
997 730 1085 774 uuum
1106 711 1211 786 frisso,
1232 711 1282 792 qui
1301 729 1380 774 cou-

221 819 383 884 tinuatioue
410 813 536 899 quadm
560 815 731 878 concinnum
758 824 787 878 et
813 817 944 898 partibus
972 815 1033 877 suis
1059 813 1223 879 absolutum
1250 813 1380 878 Gameu

224 919 396 985 exhiberet?
439 917 539 992 Anne,
569 918 628 980 illis
644 918 813 993 ,concessis
842 919 988 1000 opinaris,
1015 918 1105 980 multu
1132 917 1278 980 diversum
1298 937 1380 1001 opus

224 1025 369 1088 exiturum
387 1020 493 1096 tuisse,
515 1021 626 1084 ebamsi
648 1029 893 1102 quatucrpoetae
905 1021 991 1084 telam
1006 1019 1223 1085 deterruissent?
1250 1021 1382 1086 Felicem

224 1127 305 1190 dicas
323 1123 477 1207 populum,
498 1129 599 1205 utpote
619 1139 790 1202 magnorum
810 1131 959 1203 gestorum
974 1123 1220 1200 IecuadIssimum,
1240 1127 1287 1186 cui
1303 1125 1382 1188 Gar-

224 1231 302 1292 mina
323 1245 417 1310 prope
439 1234 542 1308 sponte
565 1233 737 1302 nascautur,
767 1245 843 1309 quae
872 1227 996 1291 aliorum
1022 1227 1196 1309 populorum
1221 1229 1383 1292 Intentissi-

224 1332 277 1394 mis
308 1330 410 1394 studiis
441 1336 470 1391 et
496 1327 606 1390 artibus
639 1346 698 1390 non
719 1330 908 1411 proueniunt!
951 1328 1059 1392 Iiideas
1086 1328 1171 1392 licet:
1210 1350 1310 1401 rerum
1339 1334 1384 1395 ita

224 1434 312 1516 plura
339 1440 409 1511 nata
437 1438 503 1492 sunt
530 1431 649 1510 iugenio
680 1430 871 1508 Graecorum,
907 1433 1014 1513 quibus
1035 1433 1176 1515 protecte
1204 1453 1383 1508 careremus,

226 1537 282 1598 uisi
302 1536 346 1598 illi
368 1535 552 1598 exstitissent.

734 1823 870 1902 xxlttt.

330 2045 375 2108 De
408 2046 539 2126 Odyssea
567 2042 660 2104 maior
689 2050 734 2104 est
764 2042 906 2106 dubitatio
938 2051 967 2104 et
994 2045 1132 2126 propriae
1162 2065 1259 2110 curae.
1318 2049 1385 2112 Non

229 2150 300 2230 quia
322 2148 419 2212 ommia
441 2145 472 2209 iu
493 2146 546 2208 ilIa
565 2145 604 2207 ad
623 2144 747 2207 reditum
768 2144 879 2226 Ulyssis
901 2145 1082 2211 referuntur:
1123 2149 1186 2231 quis
1213 2150 1244 2212 id
1264 2152 1386 2216 miretur

159 2309 160 2314 ,
228 2253 260 2312 iu
298 2241 443 2328 ἀοιδαῖς,
479 2265 555 2330 quae
584 2256 727 2310 errantem
757 2257 785 2310 et
819 2249 942 2331 patriam
974 2259 1160 2330 quaerentem
1189 2261 1224 2315 et·
1249 2255 1387 2320 reducem
1458 2269 1459 2336 ζ

229 2352 361 2433 Ulyssem
388 2350 575 2435 proponunt?
621 2350 674 2412 sed
707 2351 786 2430 quod
812 2351 979 2438 Penelopae
1012 2363 1040 2416 et
1070 2355 1236 2418 Telemachi
1266 2357 1388 2421 Iomuua
1458 2349 1459 2396 I

231 2439 464 2537 domesticaeque
499 2452 677 2516 calamitates
707 2454 804 2517 herois
836 2459 1119 2536 congrammaticus
1159 2467 1320 2542 temporum
1353 2482 1389 2526 ac

232 2567 334 2622 tenore
354 2577 450 2622 rerum
471 2557 513 2618 sic
535 2545 694 2636 iunguntur
718 2576 781 2620 oum
805 2561 932 2622 externis
954 2561 1070 2622 casibus
1095 2563 1172 2639 eius,
1199 2568 1348 2630 utstatim
1370 2589 1389 2631 a

165 2666 216 2722 121
234 2662 333 2725 limine
355 2663 386 2724 iu
407 2660 516 2724 medias
536 2677 583 2721 res
607 2660 746 2723 abstracti
765 2680 879 2743 semper
900 2661 937 2724 ad
960 2663 1066 2724 exitum
1087 2664 1268 2744 festinemus,
1298 2681 1389 2753 atque

231 2766 399 2830 redeuntem
432 2783 496 2828 cum
524 2772 552 2826 et
585 2764 682 2845 quiete
709 2771 777 2844 post
810 2771 853 2826 tot
881 2764 999 2827 labores
1031 2769 1194 2832 exantlatos
1221 2783 1389 2856 pacataque

233 2887 327 2948 reguo
349 2869 492 2931 fruentem
512 2866 637 2929 maxima
658 2866 745 2927 animi
766 2865 961 2930 sollicitudine
981 2869 1081 2933 ridere
1104 2875 1261 2954 cupiamus.
1304 2875 1390 2940 Unde

233 2972 281 3046 Iit,
300 2981 332 3053 nt
353 2970 512 3051 Odysseam
533 2985 633 3044 nemo,
656 2968 702 3029 oui
723 2970 838 3032 omniuo
856 2971 969 3052 prIscus
991 2982 1071 3037 rates
1089 2977 1220 3058 placeat,
1243 2979 1300 3040 uisi
1321 2998 1391 3062 pcr-

234 3073 338 3134 lectam
361 3091 376 3135 e
398 3091 484 3136 manu
507 3071 654 3153 deponere
674 3080 771 3150 queat.
819 3073 858 3135 at
883 3074 936 3136 ilIa
966 3096 1014 3138 ars
1040 3079 1070 3141 id
1096 3077 1190 3162 ips'um
1217 3090 1278 3158 est,
1308 3083 1391 3164 quod

235 3176 285 3239 vix
306 3193 341 3237 ac
367 3194 405 3238 ue
432 3176 482 3238 rix
510 3175 624 3256 quidem
650 3175 756 3238 cadere
784 3175 897 3239 videtum
925 3179 955 3241 In
984 3189 1094 3257 ratem,
1125 3183 1256 3263 singulas
1280 3193 1392 3248 tantum
1457 3197 1458 3264 ἶ

235 3279 409 3362 rhapsodias
431 3279 643 3358 decantantem,
667 3280 774 3362 quippe
798 3280 864 3361 qui,
886 3290 918 3343 ut
940 3281 978 3344 ad
1001 3285 1205 3364 cogitationem
1226 3285 1293 3348 talis
1316 3289 1392 3350 attin
1457 3271 1458 3308 I

236 3383 353 3464 accingi
375 3385 533 3465 potuisset,
556 3383 604 3447 uel
624 3383 703 3466 apud
716 3383 957 3464 exquisitissimos
975 3385 1121 3449 auditores
1137 3388 1278 3470 Aspendii
1297 3391 1392 3452 citha·

236 3488 326 3550 ristae
358 3467 447 3547 ¹modo
476 3487 554 3547 Intus
587 3494 754 3547 cantaturus
784 3485 895 3549 inisset.
952 3488 1045 3568 Igitur
1072 3489 1250 3576 Telemachi,
1265 3492 1323 3555 iter
1353 3493 1391 3555 ad

236 3587 388 3650 Nestorem
417 3596 445 3648 et
470 3585 651 3662 Menelaum,
679 3587 791 3666 Ulpssis
820 3606 951 3654 secessus
979 3593 1009 3655 iu
1041 3591 1159 3676 Ogygia
1184 3593 1296 3671 insula,
1324 3597 1392 3659 item

237 3689 458 3773 pulcherrimum
480 3687 618 3766 Carmen,
640 3691 670 3752 iu
693 3709 751 3774 quo
775 3709 891 3756 errores
912 3693 975 3779 ipse
996 3717 1065 3760 suos
1084 3698 1265 3762 Phaeacibus
1285 3700 1393 3764 denar-

159 3784 164 3794 '
237 3810 307 3854 raus
335 3790 495 3868 inducitur,
527 3792 685 3875 eodemque
711 3795 796 3876 modo
826 3799 912 3862 etiam
938 3801 1066 3882 reliqua,
1096 3803 1125 3867 h.
1153 3820 1179 3864 e.
1205 3821 1340 3870 seorsum
1364 3813 1394 3868 et

238 3895 320 3958 nulla
342 3894 521 3978 spectatione
550 3898 858 3976 adversaturum,
888 3904 927 3964 ab
956 3885 1089 3967 flauere
1110 3906 1271 3986 composita
1297 3908 1394 3974 rideri

238 4007 375 4080 possunt,
411 3999 518 4081 diuque
544 4000 697 4064 demutata
731 4019 810 4078 esse,
844 4005 1013 4087 priusquam
1046 4006 1153 4088 abacis
1190 4008 1328 4090 poIitIore
1365 4019 1395 4074 et

239 4101 449 4164 abundantiore
475 4103 587 4164 artibus
620 4119 693 4166 aevo
725 4106 979 4183 artuaduerreret,
1015 4127 1051 4171 ea
1085 4109 1186 4191 patrois
1218 4111 1395 4189 recidendis,

239 4203 397 4280 addendis,
418 4203 560 4268 mutandis
584 4205 622 4268 ad
640 4209 860 4289 perpetuitatem
881 4213 965 4273 unius
986 4213 1085 4292 magni
1107 4217 1239 4298 corporis
1261 4216 1395 4294 redacta,

239 4324 344 4370 nouum
367 4309 452 4389 quasi
473 4316 501 4372 et
521 4308 676 4392 periectins
697 4311 933 4402 splendidiusque
954 4324 1164 4382 monumentum
1181 4319 1258 4384 fore.
