2944 4900
485 343 857 416 Ptolemocratia
1220 349 1257 414 tl

113 531 229 595 moneas
263 531 306 594 rei
334 531 424 596 boras
452 551 576 615 carpere
602 535 768 600 corrueritv
816 533 912 601 Credo
944 553 1016 598 saue
1042 536 1157 602 facilius
1184 555 1258 613 esse,

114 635 363 698 Grammaticorum
382 636 514 700 mutius
533 634 693 710 ridmtour,
722 636 758 700 de
778 635 923 702 llonerim
942 637 1052 702 ssoouli
1071 635 1209 701 barbarie
1230 646 1259 702 et

112 739 226 800 borrido
253 739 319 802 sire
336 737 453 801 moldo
482 738 563 800 eobo
584 739 741 813 sermonis,
771 739 808 802 de
828 735 958 805 isbulari
984 740 1107 804 historia
1138 748 1167 804 et
1187 741 1259 802 iusi·

111 841 214 922 pientia
245 841 384 920 mythice,
417 839 466 904 uel
501 839 539 904 do
568 840 643 922 epici
670 841 812 904 Garmisis
840 845 993 909 virtutibus
1027 861 1065 906 ex
1092 841 1258 906 Aristotelis

113 943 228 1005 decretis
241 942 414 1024 pbilosopbo
431 942 575 1005 molimine
590 943 747 1024 disputare.
783 944 891 1028 Nempe
904 947 1002 1010 taedet
1014 947 1044 1008 iu
1061 945 1118 1008 ista
1132 941 1258 1008 lectione

113 1044 206 1106 doctos
227 1043 407 1107 indoctarum
438 1045 618 1124 masnadam
647 1053 676 1108 et
702 1046 872 1110 minutarum
902 1049 1091 1128 argutiarum.
1139 1047 1179 1108 m
1197 1049 1258 1128 pri-

112 1165 179 1208 mum
197 1146 341 1208 modestia
360 1154 441 1209 uetat
470 1145 558 1209 ullum
579 1169 638 1212 rem
662 1160 861 1225 contemnere,
891 1152 1058 1233 priusquam
1083 1169 1146 1213 earu
1165 1152 1258 1231 probe

27 1305 29 1312 .
112 1250 289 1328 cogneveris.
332 1247 384 1324 lit,
413 1267 450 1312 ne
473 1248 582 1326 dicam,
611 1271 697 1333 qoam
717 1253 879 1316 multa'illi
901 1254 985 1318 uobis
1008 1253 1065 1316 soli
1087 1271 1124 1316 ex
1144 1261 1259 1316 uetusta

111 1352 241 1414 memoria
259 1351 453 1428 seruauerint,
479 1350 566 1414 iidem
592 1355 723 1434 ergastuli
742 1371 831 1436 saepe
857 1356 942 1420 edam
968 1371 1082 1425 sensam
1105 1357 1259 1418 verborum
1275 1356 1311 1410 20

112 1454 209 1535 optime
230 1452 405 1535 expediunt,
428 1454 535 1536 quippe
551 1473 625 1536 usos
646 1477 717 1520 usus
732 1459 853 1538 linguae
869 1456 995 1520 noudum
1006 1458 1120 1538 penitus
1135 1449 1259 1520 amasus

111 1563 181 1618 totos
205 1556 379 1638 prestabo
407 1574 428 1617 s
454 1557 588 1637 pluribus
614 1563 780 1637 erroribus,
815 1579 890 1642 puros
917 1560 1005 1624 bodie
1031 1557 1107 1622 mule
1135 1560 1257 1639 tegimus

111 1671 198 1722 nerse
216 1659 465 1740 interpretationis
485 1658 606 1723 deliciis.
649 1663 687 1726 lu·
704 1663 832 1728 Homero
850 1679 941 1745 porro
955 1661 1116 1741 singularis
1130 1661 1259 1724 oblecta-

111 1760 148 1822 tio
166 1759 310 1841 qaudam
329 1768 359 1824 et
378 1759 505 1840 diffidas
525 1763 604 1826 illios
627 1781 739 1848 operse
758 1764 872 1828 moeso
888 1781 926 1826 eu
946 1779 999 1839 eo,
1020 1762 1099 1844 quod
1112 1765 1259 1828 uariarum

111 1861 257 1926 leeiouuru
279 1868 308 1924 et
326 1879 470 1926 camum
487 1867 698 1945 emansorem,
720 1887 794 1951 quos
812 1867 882 1931 libri
895 1865 1074 1946 grammatici
1094 1864 1259 1934 roserolis

110 1967 263 2045 praebent,
293 1964 507 2045 conqoisitioue
532 1974 560 2029 et
586 1987 711 2034 censura
739 1973 770 2034 iu
795 1976 878 2030 uetus
907 1975 935 2029 et
955 1967 1104 2049 plerisque
1131 1965 1257 2048 andquis

112 2069 294 2150 scriptoribus
314 2067 461 2148 sodomus
481 2086 585 2132 aotam
606 2091 643 2134 ro
664 2075 749 2153 quasi
770 2075 801 2134 iu
819 2070 986 2132 societatem
1000 2085 1137 2133 rocamur
1152 2069 1259 2132 doetis-

27 2191 28 2196 ¹
112 2172 238 2234 simorum
261 2169 448 2244 criticorum,
476 2174 729 2251 quorumirdioia
751 2183 779 2237 et
800 2173 1036 2254 praeceptiones,
1064 2171 1168 2251 qubus
1190 2170 1259 2246 olim

111 2274 271 2350 ciceronio,
303 2273 436 2352 Virgilii,
471 2273 585 2343 Horatii
617 2275 815 2340 adolescentia
842 2269 1033 2356 elebatur1),
1066 2273 1195 2354 quamuis
1219 2272 1258 2338 dc

112 2377 234 2456 Graeca,
255 2377 286 2440 id
307 2385 353 2440 est
371 2377 469 2458 petria
489 2377 634 2459 ipsorum,
653 2377 756 2458 liugos
777 2379 917 2460 scriptos,
944 2395 999 2441 uos
1015 2378 1147 2444 barbari
1178 2367 1258 2461 dp.-

110 2483 222 2561 μαθεῖς
261 2479 370 2564 passim
399 2497 458 2542 uou
492 2477 620 2542 absorde
647 2479 795 2560 reingere
821 2499 909 2564 posse
939 2481 1099 2547 uideamur.
1156 2478 1259 2542 Talem

113 2587 299 2650 conditionem
320 2582 412 2646 critici
434 2582 578 2655 muueris,
607 2581 776 2645 nultrsest
801 2586 926 2668 scriptor
947 2593 998 2648 aot
1023 2590 1110 2666 poete
1132 2583 1259 2663 audoni·

110 2691 186 2766 teis,
217 2689 271 2771 qui
301 2684 425 2769 periodo
452 2694 541 2766 atquo
568 2685 615 2748 bic
634 2692 734 2748 uoster
751 2684 868 2748 oileum.
894 2685 1010 2762 -Quum
1039 2703 1109 2750 uero
1131 2685 1259 2767 plurima

111 2807 144 2852 es
165 2792 283 2856 illorum
311 2779 484 2853 criticorum
510 2788 735 2860 commertiis,
763 2793 900 2866 uuquam
929 2805 984 2868 per
1012 2805 1112 2850 mouns
1142 2788 1259 2862 madito,

111 2893 166 2956 slia
183 2896 213 2956 iu
233 2893 310 2956 alias
333 2899 461 2966 amatos,
486 2891 680 2954 uetustissima
699 2891 804 2972 pertica
826 2891 855 2952 iu
876 2891 1062 2964 nouissimos,
1084 2889 1260 2964 revenerint,

112 3014 201 3060 omres
227 2997 312 3058 istius
338 2995 456 3076 generis
491 2995 633 3075 reliquias
657 2993 799 3072 colligere
825 2994 914 3076 plaue
943 2994 1072 3076 oportuit
1099 3011 1179 3068 eum,
1208 2995 1259 3075 qui

110 3099 292 3179 integriorem
314 3107 422 3162 textum
443 3099 621 3181 requirebat.
671 3095 782 3172 Quodsi
809 3097 883 3158 illud
904 3096 1045 3160 industrie
1071 3096 1143 3170 ieci,
1171 3105 1260 3177 atque

112 3200 213 3264 rollum
231 3199 354 3280 neglexi
376 3201 486 3278 mcum,
510 3203 587 3264 crode
606 3203 682 3279 benc
696 3199 893 3262 recensionem
912 3199 1082 3262 limatiorem
1099 3198 1260 3276 redderem,

111 3303 177 3366 nibil
198 3303 267 3365 milui
287 3303 470 3369 laboravisse
490 3305 611 3379 uideor,
630 3311 835 3384 praeterquam
858 3299 944 3379 quod·
959 3316 1007 3360 res
1029 3301 1094 3381 ipso
1118 3301 1258 3378 exigeret
1276 3308 1311 3361 21

110 3402 224 3468 Minime
255 3422 328 3485 ergo
351 3425 473 3488 querar,
503 3414 639 3490 prosimu
666 3403 831 3479 molestiae,
858 3402 1041 3465 exlrauserim
1067 3403 1099 3464 iu
1126 3403 1181 3464 boo
1202 3410 1261 3466 mu

112 3505 286 3570 discussum
306 3527 402 3572 rerum
416 3519 536 3593 persto,
558 3510 589 3570 in
610 3515 653 3570 tot
667 3505 855 3587 scriptoribus
868 3503 1087 3590 persolvendis,
1109 3507 1140 3569 iu
1157 3507 1261 3587 legeu-

112 3608 152 3672 dis
188 3620 217 3674 et
251 3613 355 3693 partim
380 3609 621 3676 reconcinnaudis
647 3607 789 3683 scholiis,
828 3616 916 3689 atque
949 3607 979 3670 iu
1010 3609 1209 3691 conquirenda
1234 3618 1262 3672 et

113 3713 382 3778 moestuosos
409 3725 437 3778 et
460 3731 609 3799 persaepe
625 3711 721 3776 inutili
741 3712 893 3791 imagine
920 3711 1085 3791 glossmum
1112 3721 1140 3774 et
1160 3711 1263 3803 lectio

112 3833 183 3880 rou.
222 3815 354 3880 utemur
378 3819 490 3894 libens,
526 3815 622 3899 quod,
655 3815 858 3896 qualecunque
884 3817 1006 3891 marari,
1039 3825 1069 3878 et
1104 3815 1143 3876 ad
1170 3833 1263 3876 meam

112 3917 200 3998 ipsim
222 3917 383 3983 utilitatem.
433 3922 477 3984 Ac
506 3937 544 3984 ue
570 3921 643 3982 baec
672 3919 786 4002 quidem
817 3919 854 3982 de
881 3919 984 3982 studiis
1010 3917 1080 3981 meis
1101 3915 1263 3997 praefarer,
1295 3979 1306 3996 .

171 4191 197 4256 l)
219 4187 278 4244 Non
297 4189 440 4244 ambitiose
458 4187 510 4246 hoc
526 4188 593 4256 dici,
615 4192 705 4260 plores
724 4191 775 4244 loei
791 4191 947 4254 Ciceronis,
967 4188 1086 4242 Serrooae
1105 4192 1132 4242 et
1150 4189 1263 4240 eliorum

219 4275 332 4341 docent,
356 4279 437 4344 atque
463 4277 548 4328 omuls
575 4279 645 4331 ratio
670 4279 861 4347 grammaticae
887 4279 913 4327 et
938 4271 1061 4327 liberalis
1089 4273 1265 4328 institutionis

220 4359 288 4428 apud
307 4357 450 4414 Romanos.
899 4381 901 4386 ’
