2976 4900
192 313 257 382 120
579 307 950 374 raonuuontntta

194 501 360 582 lacerisque
381 495 489 560 tabulis
511 496 650 570 materia,
669 495 749 558 hand
769 495 915 578 ingratum
935 502 1031 558 temen
1051 493 1281 573 inauditnm,
1311 499 1348 574 si,

197 623 274 688 qnae
301 601 410 686 passim
441 600 582 682 dissipata
607 597 753 672 feruntur,
789 597 917 662 adhibito
946 599 1071 679 quodum
1098 599 1135 663 de
1162 601 1348 681 &suminis

196 710 284 772 rebus
305 705 413 769 indicio
437 701 477 766 ad
499 703 615 764 breuem
635 709 818 781 conspectum
845 719 986 764 reuocare
1012 710 1145 784 potuero
1195 703 1240 764 lto
1259 703 1349 766 etiam

197 818 330 876 crescent
350 803 561 890 quodammodo
584 803 702 884 copiae,
724 821 799 884 qnae
819 821 873 867 neo
894 805 977 888 ipsae
998 823 1052 887 per
1071 824 1104 867 se
1120 805 1349 868 contemnendae

129 929 180 985 199
199 902 273 978 sunt.
318 910 499 980 Gauderent,
529 911 617 987 puto,
647 906 779 986 magistri
800 905 981 979 Orientales‚
1012 907 1038 968 si
1057 905 1149 968 trihus
1171 904 1350 973 loctunam

198 1021 360 1088 concuret,
383 1009 454 1096 qnid
477 1007 618 1076 Gamuliel
638 1019 689 1072 aut
709 1011 784 1073 ahos
801 1010 961 1094 superioris
978 1010 1084 1072 acutis
1101 1009 1204 1074 dodor
1221 1010 1349 1074 ludaeos

196 1120 228 1180 in
256 1117 343 1180 Mose
374 1124 402 1178 ct
429 1112 582 1197 Prophetis
612 1097 734 1192 legerit:
778 1131 832 1176 nos
865 1114 896 1174 in
921 1112 1047 1176 llomero
1081 1112 1151 1192 qnid
1176 1107 1349 1178 Zenodotns
1425 1151 1430 1158 -

196 1218 320 1299 legerit,
349 1218 415 1278 too
438 1207 503 1280 lere
522 1217 613 1294 locis,
641 1215 711 1297 quid
732 1216 960 1298 Aristophanes,
988 1215 1052 1279 lere
1080 1218 1159 1291 200¹,
1188 1216 1259 1298 qnid
1279 1218 1351 1280 Ari-

198 1321 347 1397 starchus,
366 1319 433 1402 plns
457 1319 561 1382 millies
584 1319 698 1382 scimus.

716 1539 826 1620 xlrrr.
903 1651 907 1655 ῃ

282 1744 501 1825 Antiquissimi
516 1743 649 1819 illorum,
669 1741 813 1807 Zenodoti
835 1739 970 1824 Ephesii,
997 1759 1081 1822 quem
1101 1741 1213 1823 epicum
1234 1750 1350 1824 poetam

200 1855 229 1910 et
245 1849 367 1930 primurn
386 1841 568 1930 διορθωτὴν
589 1847 706 1909 Homeri
722 1846 813 1908 fnisse
828 1844 934 1907 Snidas
955 1843 1045 1906 refert
1060 1837 1123 1924 ⁰⁹),
1144 1844 1223 1906 fama
1236 1864 1352 1928 semper

132 1967 185 2022 200
202 1950 258 2012 luit
276 1967 417 2031 perquam
437 1949 583 2031 ambigua
626 1948 698 2011 Nam
721 1949 779 2010 olii-
793 1950 830 2011 ah
844 1933 963 2028 ingenio
987 1948 1048 2008 eius
1069 1947 1191 2028 primum
1203 1950 1352 2014 meliorem

201 2049 306 2117 cultam
328 2052 431 2114 horum
446 2051 621 2115 'Garminnrn
642 2059 777 2134 repetunt
791 2047 851 2131 ⁷¹¹);
885 2050 952 2125 alii,
978 2050 1010 2110 in
1040 2049 1085 2110 his
1101 2049 1221 2114 intimae
1244 2055 1350 2116 aetafis

231 2341 281 2410 69)
302 2337 335 2394 Τ.
349 2338 382 2393 tl.
406 2356 432 2409 p.
447 2346 472 2398 8.
516 2337 555 2392 lbi
575 2337 717 2408 ‘quomodo
743 2336 925 2407 accipiendum
951 2339 1000 2409 sit,
1030 2335 1102 2408 quod
1119 2305 1222 2404 mimas
1242 2338 1350 2406 dieitur,

301 2439 378 2478 nemo
405 2429 518 2495 quaerat
544 2417 607 2492 post
626 2421 768 2476 Kisterum
790 2427 816 2476 ct
833 2421 985 2476 Fabricium
1004 2438 1029 2491 p.
1043 2425 1103 2478 362.
1148 2420 1279 2498 Quoniam
1300 2441 1350 2480 au-

300 2516 370 2575 tom,
402 2506 607 2576 codomSuida
632 2513 758 2573 auctore,
788 2511 857 2562 alius
883 2506 1038 2561 Zenodotos
1068 2504 1118 2558 leit
1141 2506 1349 2578 Alexandrinus,

298 2593 457 2648 Aristarcho
484 2605 585 2664 suppar
609 2598 636 2646 et
660 2593 853 2656 adversarius‚¹
880 2595 1061 2647 necessarium
1089 2595 1144 2656 est,
1174 2590 1260 2646 huius.
1276 2608 1350 2666 quac

277 2681 282 2689 ’
300 2681 371 2744 sint,
397 2693 466 2749 quac
482 2678 570 2742 illins,
597 2677 771 2748 distinguere.
815 2679 921 2734 Addunt
939 2683 1082 2748 praeterea
1099 2673 1210 2736 Scholia
1227 2679 1255 2731 in
1273 2678 1350 2732 Anat.

223 2823 226 2830 .
300 2762 401 2818 Phdess·
414 2769 456 2820 ³3·
476 2769 503 2818 0¹
523 2761 643 2817 Esstlalh·
663 2781 689 2834 p.
702 2769 762 2823 957.
778 2769 853 2822 1006.
871 2767 979 2819 tertium
1004 2765 1062 2818 eius
1084 2761 1215 2823 nominis,
1246 2760 1349 2817 Mallo-

299 2855 361 2914 ten,
386 2849 497 2904 eundem
512 2849 646 2911 tortasse,
671 2847 904 2932 quingentesimae
917 2854 1030 2903 vocatur
1048 2851 1075 2901 ln
1092 2843 1191 2900 Scholi
1206 2845 1241 2899 ad
1261 2859 1292 2915 ψ.
1304 2854 1349 2908 79.

249 2997 254 3003 ,
300 2933 355 2988 Sed
372 2941 401 2988 nt
418 2934 504 2987 dicam
524 2933 595 3004 qnod
613 2935 715 2996 sentio,
738 2949 772 2988 ne
789 2933 857 2988 lrunc
875 2935 980 3006 quidem
999 2933 1033 2988 ah
1050 2935 1136 2986 altero
1151 2933 1198 2987 illo
1213 2933 1349 2989 diuersum

299 3017 454 3084 habuerim,
480 3025 508 3071 nt
526 3018 559 3070 ab
581 3018 677 3070 allisa
697 3021 787 3086 patria
805 3017 949 3084 Mallotes,
971 3019 1004 3072 ah
1024 3019 1086 3072 aliis
1107 3033 1139 3071 eu
1159 3033 1232 3072 more
1249 3024 1349 3074 aetatis

300 3101 373 3155 lilius
392 3101 623 3159 Alexandrinusa
641 3101 776 3156 domicilio
795 3103 881 3158 dietus
902 3107 952 3172 sit,
978 3104 1111 3174 fueritque
1124 3105 1158 3174 in
1177 3105 1211 3162 iis
1232 3103 1349 3161 Cratetis

191 3241 192 3247 χ
300 3187 456 3258 discipulis,
484 3191 530 3260 qul
555 3189 677 3259 magistri
703 3190 745 3241 sui
771 3193 966 3245 constentionem
984 3205 1040 3244 eum
1060 3187 1233 3254 Aristarcho,
1260 3196 1289 3243 ut
1309 3191 1348 3256 lit,

298 3287 374 3326 suant
394 3273 521 3334 lacerent.
556 3274 610 3329 lam
629 3288 707 3344 quum
726 3276 754 3326 in
774 3274 839 3330 Ven.
858 3275 973 3332 scholiis
992 3282 1034 3331 tot
1053 3276 1136 3339 locis,
1163 3281 1274 3345 excepto
1293 3293 1350 3331 uno

298 3359 368 3422 isto,
396 3373 502 3429 semper
527 3359 683 3424 Zenodotns
705 3363 857 3432 appelletur
882 3355 1052 3433 simpliciter,
1080 3363 1243 3430 compositus
1267 3364 1348 3416 ctiam

304 3443 348 3496 vel
374 3448 545 3514 praepositus
566 3443 740 3518 Aristophani
767 3455 794 3504 et
813 3447 988 3510 Aristarcho,
1020 3449 1162 3516 omniaque
1186 3446 1228 3500 illi
1245 3447 1350 3502 tributa

194 3588 200 3599 Ι
298 3527 333 3579 ad
367 3530 478 3583 earrdcrn
507 3533 637 3585 rationem
663 3540 689 3588 ct
717 3534 828 3587 sormam
855 3535 957 3604 ingenii
983 3531 1152 3596 referantur,
1187 3531 1267 3602 plane
1291 3549 1349 3588 non

299 3609 408 3676 dubito,
434 3613 532 3684 ubique
554 3615 611 3679 lere
631 3617 701 3687 apud
725 3617 812 3688 intpp.
834 3613 947 3674 Homeri
960 3619 1103 3685 &hasirim
1123 3615 1249 3671 criticum
1267 3619 1348 3674 intel-

298 3695 449 3764 ligandum,
468 3704 494 3751 et
512 3701 535 3753 si
553 3715 607 3771 qua
623 3705 740 3756 alteriue
757 3706 890 3758 Mallotne
908 3708 1052 3773 supersunt
1072 3705 1100 3764 in
1118 3705 1168 3770 iis,
1196 3719 1265 3774 quac
1283 3720 1349 3774 pus·

297 3782 346 3844 sin
371 3781 501 3838 aduersus
517 3782 701 3856 Aristarchum
723 3796 880 3855 monentur,
913 3797 946 3844 ea
963 3791 1021 3842 sine
1038 3789 1144 3850 nomine
1162 3789 1197 3844 ad
1215 3805 1266 3845 nos
1285 3807 1349 3860 per.

295 3866 353 3920 lata
383 3881 451 3922 osse.
467 3903 475 3908 -
494 3866 628 3940 'Equidem
659 3886 706 3926 sex
735 3880 835 3943 septem
862 3875 929 3928 locis
954 3872 1122 3928 scholiorum
1148 3876 1294 3948 aliqnando
1321 3883 1350 3934 in

296 3949 489 4006 dubitationem
516 3968 557 4008 mo
584 3952 726 4011 adductum
754 3961 874 4025 utemini;
907 3974 997 4013 rcrurn
1023 3958 1180 4029 diligentius
1205 3963 1350 4032 explorata

295 4050 340 4090 res
366 4037 653 4107 primumadspeutum
673 4040 847 4100 confirmarit.
889 4041 1042 4114 Eodemque
1062 4061 1112 4100 nos
1130 4047 1178 4100 alii
1198 4050 1350 4118 scriptmes

296 4120 410 4188 ducunt,
429 4123 544 4190 Strabo,
563 4123 733 4192 Athenaeus,
753 4125 915 4197 Apollonius
933 4127 1008 4184 Alex.
1027 4135 1078 4184 etc.

224 4219 274 4288 70)
293 4219 428 4357 S(lelohrcs
453 4225 481 4276 in
506 4221 575 4278 hano
598 4213 755 4282 sententiam
784 4241 878 4284 uersus
910 4236 972 4284 sunt
995 4229 1112 4286 Ausonii
1145 4231 1174 4285 in
1197 4228 1274 4288 Ludo
1298 4229 1352 4288 vlt

287 4319 291 4330 ⁴
316 4309 463 4375 apiculum,
840 4355 842 4360 .
940 4332 943 4340 ,
