2944 4900
218 264 268 332 44
616 262 1002 340 PROLEGOMENA.¹

223 471 304 529 esse,
339 451 395 516 nisi
430 453 497 535 ipsa
530 454 622 516 rerba
661 473 681 515 a
708 452 924 532 significabone.
955 453 1051 516 iustae
1085 451 1227 535 epistolae
1255 473 1384 536 prorsus

221 557 413 620 abhorrerent
428 550 480 633 ³⁰).

175 677 209 732 75
330 671 396 750 Quo
425 671 568 754 pertinent
593 668 685 748 igitur
711 669 768 730 ista
795 668 907 732 sorbet
943 668 1004 746 Eo,
1037 672 1068 734 iu
1104 691 1165 754 quo
1196 673 1383 736 doctissimos

226 774 431 838 Grammaticos
453 770 652 836 Alexandriae
670 771 733 834 iere
755 773 937 834 consensisse
954 774 1049 834 sinum
1071 777 1234 858 apparebit
1283 777 1384 838 Mira-

223 879 332 941 tionem
352 879 455 951 iaciat,
486 873 565 956 quod
588 872 699 948 dicacur
735 877 852 958 etipse
878 876 908 937 id
937 893 1146 956 saepenumero
1172 881 1292 942 miratus
1315 899 1383 942 suns

220 989 345 1062 propter
379 980 438 1042 late
464 985 609 1060 putentem
642 968 869 1061 ἀνιστορησίον
904 978 1098 1058 antiquitatis:
1136 981 1234 1043 nullus
1263 982 1319 1044 tuit
1347 984 1382 1044 in

225 1081 349 1144 Graecia
372 1080 501 1143 eruditus
521 1081 663 1162 interpres
686 1079 818 1154 Homeri,
842 1080 893 1160 qui
913 1080 1028 1144 inistis
1051 1082 1183 1146 uersibus
1206 1084 1383 1166 scriptionem

223 1185 288 1246 reri
316 1185 456 1258 οοοιίοἰο,
489 1183 602 1257 nutius,
637 1184 687 1264 qui
720 1199 784 1244 eam
809 1189 900 1244 artem
924 1182 956 1242 in
988 1181 1181 1270 Carminibus?
1199 1185 1278 1248 illios
1300 1186 1383 1248 -uiibi

222 1301 347 1367 usquam
367 1294 550 1350 memoratam
569 1285 721 1348 censuerit.
764 1284 827 1346 Hoc
846 1284 872 1346 si
892 1285 940 1346 cui
959 1293 1067 1349 temere
1087 1291 1275 1369 pronunciari
1295 1291 1382 1353 ride·

224 1389 317 1462 bitur,
339 1389 444 1472 eripiat
464 1392 547 1466 mibi,
574 1407 702 1471 quaeso,
727 1387 803 1449 bunc
831 1404 960 1450 errorem
987 1388 1063 1464 alie,
1097 1405 1183 1470 ιῃιοιο
1206 1393 1380 1456 recentioris

224 1491 373 1553 cuiusdam
395 1491 578 1554 Scholiastae
598 1491 787 1565 auctoritate,
809 1509 896 1571 quarn
916 1490 1019 1554 deinde
1041 1509 1095 1554 suo
1116 1492 1183 1556 loco
1204 1513 1379 1577 proponam.

224 1593 271 1656 Ex
289 1579 441 1657 Eustatbio
462 1602 491 1656 et
512 1592 724 1675 antiqrrioribns
745 1593 872 1656 sontibus
901 1591 1000 1656 iacere
1022 1610 1081 1656 non
1101 1595 1215 1675 poterit
1264 1597 1381 1673 Quodsi

223 1698 302 1763 ullos
322 1706 465 1772 retornus,
495 1715 618 1777 qrrorunr
648 1694 748 1775 copias
771 1693 939 1756 Eustatbius
969 1694 1009 1757 ad
1032 1698 1275 1762 commentandum
1296 1717 1381 1762 ¹con-

224 1809 375 1880 gesserat,
397 1798 504 1862 abcubi
525 1798 701 1860 contrariam
724 1798 867 1860 rationem
885 1797 1045 1873 attulisset,
1068 1799 1119 1880 φιί
1139 1799 1202 1863 deri
1224 1802 1379 1884 potuisset,

223 1911 256 1966 ut
279 1921 342 1966 earn
362 1903 406 1965 uir
421 1901 582 1984 priscorum
598 1901 754 1962 uerborum
775 1919 860 1980 qum
879 1919 989 1964 morum
1001 1901 1137 1984 peritior,
1163 1911 1192 1966 et
1212 1904 1379 1988 quitorsan

224 2026 261 2072 ne
281 2005 414 2069 homilias
436 2003 551 2088 quddam
568 2021 637 2066 suas
658 2003 724 2094 sola
744 2003 884 2066 mensoria
903 2007 1038 2082 tenebat,
1067 2005 1148 2068 nullo
1169 2007 1201 2068 in
1219 2006 1286 2070 ioco
1308 2007 1379 2070 lon-

262 2319 312 2388 36>
329 2316 369 2383 lt,
396 2321 428 2383 3,
456 2326 480 2376 1.
528 2323 657 2388 Προῖτος
682 2318 789 2374 ἔδωκεν
814 2315 1020 2380 ἐπιστολὰς
1044 2315 1121 2388 αὐτῷ
1145 2319 1220 2395 πρὸς
1247 2320 1378 2394 Ἰοβάτην

328 2408 477 2476 captane,
500 2403 540 2458 ’ἰν
568 2396 612 2462 οἷς
638 2402 895 2476 ἐνεγέγραπτο
924 2402 1165 2478 Βελλεροφόντην
1188 2405 1375 2464 ἀποκτεῖναι·

326 2486 451 2560 Ἰοβάτης
469 2486 500 2540 δὲ
518 2483 701 2556 ἐπιγνοὺς
726 2489 863 2552 ἐπέταξεν
879 2509 904 2544 x.
923 2510 947 2544 r.
968 2493 992 2544 i..
1029 2488 1104 2552 Quae
1126 2490 1178 2545 duo
1196 2493 1280 2548 verba
1298 2495 1327 2548 in
1347 2493 1375 2549 b.

327 2575 344 2628 i.
365 2576 501 2645 pertinere
522 2571 645 2627 videntur
665 2575 699 2628 ad
715 2577 874 2644 scriptoram
895 2575 1062 2642 litterarum,
1086 2577 1154 2630 tatia
1171 2593 1232 2634 esse
1251 2578 1327 2644 dico,
1346 2584 1376 2634 ut

328 2660 361 2714 de
388 2661 461 2714 uotis
481 2675 528 2713 seu
555 2660 641 2728 siguis
666 2667 777 2729 accepta
795 2663 895 2731 optime
920 2659 1038 2714 habeant
1065 2666 1092 2715 et
1116 2661 1261 2731 prudenter
1283 2665 1375 2731 posita

214 2777 219 2784 ·
327 2750 388 2801 sint.
425 2743 491 2800 Nam
511 2737 669 2816 ἐγγράφειν
685 2751 738 2797 turn
758 2759 859 2814 porse
879 2747 998 2799 incertae
1016 2747 1158 2814 potestatis
1177 2751 1235 2812 est,
1259 2753 1312 2800 tum
1331 2752 1374 2802 est

326 2829 392 2887 titud
411 2833 497 2900 ipsum
516 2831 643 2893 verbum,
667 2829 739 2900 quod
767 2829 837 2899 apud
861 2833 968 2898 poetam
995 2829 1104 2900 iegitur.
1149 2830 1222 2888 Pone
1245 2848 1297 2902 pro
1322 2833 1372 2887 ilio

325 2913 495 2994 ἐγγλὺφειν,
514 2911 716 2983 ἐγκολάπτειν,
735 2911 940 2986 ἐγχαράοοεινς
969 2919 1148 2988 importunans
1166 2917 1281 2972 studium
1297 2919 1372 2973 rati·
1470 2979 1471 2984 ἵ

287 3065 290 3072 ,
325 3003 390 3056 endi
407 3001 517 3059 acuties.
554 2999 710 3065 Αῐπίνακα
730 2999 838 3054 Homeri
854 3005 966 3056 mutarit
981 3004 1009 3056 in
1027 3000 1191 3068 ἐπιστολήν.
1225 3003 1299 3076 Beue
1318 3002 1373 3056 lroc

326 3102 432 3158 quoque
450 3090 477 3140 et
496 3085 535 3138 ita
555 3091 617 3156 apte
636 3087 721 3139 cuivis
741 3088 836 3156 signo,
855 3092 898 3150 ut,
918 3089 940 3141 si
959 3103 1013 3141 rem
1032 3089 1247 3154 universarum
1265 3087 1372 3142 modurn
1470 3131 1471 3168 p

317 3175 368 3228 'rei
387 3178 414 3228 et
427 3171 563 3226 desuetum
577 3186 676 3224 morem
690 3177 848 3225 narraturus
867 3178 954 3237 esset,
974 3170 1078 3226 Graeca
1094 3172 1186 3243 lingua
1203 3173 1269 3227 nibit
1281 3177 1371 3243 aptius

210 3281 214 3290 ¹
323 3258 444 3314 haberet.
481 3256 593 3314 Constat
611 3259 680 3313 eninr
697 3254 852 3325 ἐπιστολήν
870 3258 982 3327 propria
998 3256 1196 3326 significatione
1214 3259 1293 3328 piane
1308 3274 1371 3313 esse

324 3343 456 3414 ἐντολήν,
488 3349 657 3414 merodorum,
692 3359 725 3400 ex
749 3361 801 3415 quo
829 3346 907 3398 etiem
934 3355 979 3412 ap.
1003 3339 1163 3411 Sophoclem
1187 3350 1249 3399 sunt
1272 3342 1370 3415 λόγων

323 3431 485 3486 ἐπιστολαί.
522 3431 561 3488 ct.
580 3431 666 3502 intpp.
685 3431 723 3484 ad«
738 3427 850 3499 bospori.
872 3427 905 3484 t.
932 3427 953 3482 1.
971 3443 997 3498 p.
1018 3432 1094 3486 1³90.
1135 3427 1189 3482 Sed
1213 3431 1299 3499 magis
1317 3427 1371 3484 buo

324 3515 492 3570 referendum
513 3523 569 3580 est,
591 3514 663 3587 quod
681 3512 793 3584 postiae
808 3513 909 3568 elarius
927 3513 1109 3584 intelligetur,
1126 3516 1252 3568 monitum
1271 3511 1369 3568 Eusta-

323 3599 380 3653 thio
402 3616 427 3668 p.
446 3605 507 3658 632.
527 3601 544 3655 Ι.
563 3605 604 3664 9.,
624 3597 802 3663 rivulorum
822 3597 930 3653 Homeri
949 3615 1009 3656 esse
1031 3597 1082 3666 τὴν
1104 3597 1189 3674 παρὰ,
1203 3604 1264 3660 τοῖς
1285 3597 1369 3656 ὕστε-

324 3704 379 3756 ρον
401 3685 564 3755 ἐπιστολήν,
608 3685 715 3739 Omnem
741 3699 806 3740 vero
832 3685 1026 3740 dubitationem
1052 3685 1126 3740 toltit
1149 3686 1257 3742 verbum
1282 3686 1368 3739 tne-

323 3775 478 3839 yvoivae,
502 3787 663 3839 opaoecrre,
688 3781 742 3826 neb
760 3773 862 3838 tepere,
886 3770 958 3842 quod
983 3777 1025 3826 eat
1044 3768 1275 3841 ἀναγνῶναι,
1302 3787 1368 3826 nus·
1469 3799 1470 3802 ¹

323 3871 400 3928 ᾳοοοι
418 3856 494 3912 iitnd.
536 3856 605 3911 titud
622 3862 709 3912 autern
732 3853 843 3910 Graecis
861 3860 988 3914 astutam
1016 3872 1077 3912 esse
1103 3856 1136 3912 dc
1161 3857 1294 3926 epistota,
1320 3863 1369 3910 aut

322 3943 435 3998 docendi
454 3946 552 3998 erimus
572 3945 621 4005 iis,
642 3944 687 4014 qui
708 3958 785 4004 secus
801 3945 950 4012 aecipiont3
976 3950 1018 4008 et,
1038 3949 1067 3997 ot
1086 3945 1164 3998 citius
1183 3943 1314 4006 doceant,
1332 3960 1368 3999 ne
1469 3937 1470 3998 i

280 4049 283 4056 ·
326 4028 453 4084 Ptanudis
477 4029 582 4100 quidem
607 4035 634 4082 ot
657 4026 789 4082 Eristatbii
814 4028 924 4083 saecuta
950 4031 1110 4098 excipimos;
1142 4034 1189 4081 aut
1209 4031 1277 4097 ipsis
1301 4044 1368 4082 con-

322 4113 465 4169 cedendum
483 4115 553 4174 erit,
573 4115 616 4166 rix
631 4114 714 4169 tertosa
725 4132 811 4186 genus
826 4113 953 4185 loquendi
966 4115 1176 4182 significantius,
1196 4129 1249 4183 quo
1262 4112 1368 4183 mptbo-

321 4196 440 4266 grapbos
461 4205 599 4265 atteretur,
627 4201 649 4252 si
678 4202 763 4268 ipsam
790 4216 860 4264 rens,
885 4206 913 4253 ut
937 4200 1023 4265 sodet,
1049 4201 1169 4255 breviter
1193 4205 1221 4254 et
1239 4202 1370 4269 proseria

199 4293 205 4300 ·
320 4281 436 4338 dictione
455 4286 596 4355 persequi,
613 4301 662 4339 noc
679 4287 857 4354 antiquarium
878 4286 968 4355 inepto
989 4285 1050 4340 ioco
1070 4299 1153 4355 agere
1173 4285 1261 4342 saltet.
