2976 4900
229 343 273 414 96
616 337 990 405 PROLEGOMENA.

232 553 308 617 quae
329 549 401 595 uera
423 536 451 590 et
472 527 599 606 genuina
623 524 771 589 rideretur
784 528 846 602 sine
865 527 927 589 ullo
939 533 1074 608 respectu
1088 527 1173 590 huius
1189 529 1374 609 quaestionis.
1477 509 1478 596 i

231 642 405 718 Quam-rem
427 629 519 692 facile·
537 645 582 690 me
604 627 793 708 probaturum
819 645 906 709 spero
931 627 1024 690 doctis
1047 630 1209 704 omnibus,
1224 631 1308 692 etiam
1325 631 1373 708 iis,

232 742 336 822 quibus
366 737 466 798 doctas
496 750 533 793 ex
558 727 617 790 illis
646 729 719 790 locis
748 729 985 793 ratiocinationes
1023 749 1082 793 non
1109 733 1259 812 probabo,
1278 729 1377 813 prae·

232 844 328 907 sertim
349 847 522 922 postremam
548 833 638 906 banc,
668 849 727 910 qua
752 832 880 908 artificii,
910 833 988 913 quod
1016 839 1167 914 tantopere
1190 835 1375 908 admirantur,

231 939 501 1026 gloriam'llomero
524 953 561 996 ex
579 941 667 1015 parte'
684 935 801 997 anferre
829 955 917 997 aursus
945 955 1016 997 sun.
1065 936 1129 998 lloo
1156 939 1286 999 nimbum
1308 957 1377 1020 per·
1477 953 1478 968 ¹

230 1047 333 1130 paucis
355 1039 588 1111 erit'credibile‚
616 1037 719 1099 forsan
742 1055 779 1099 ne
797 1045 856 1099 tom
879 1039 1010 1120 quidem,
1037 1055 1124 1120 pum
1145 1048 1376 1120 argumentorum
1477 1019 1478 1048 ¹

232 1150 356 1213 omnium
382 1144 513 1228 pondere
539 1142 708 1202 obruentur.
763 1139 797 1201 ln
825 1142 869 1202 his
903 1146 975 1208 enim
1012 1163 1085 1227 opus
1115 1151 1158 1207 est
1187 1161 1274 1204 senso
1303 1161 1374 1223 quo-

232 1253 310 1325 dam,
330 1265 414 1329 quiem
431 1245 485 1307 illa
509 1261 568 1305 non
591 1241 723 1304 allerunt.
767 1243 841 1305 Mihi
861 1263 949 1322 vero,
971 1249 1031 1311 sire
1052 1248 1180 1329 ipsorum
1201 1243 1374 1308 Graecorum

163 1367 214 1422 160
231 1358 293 1419 sire
322 1353 444 1416 aliarum
468 1345 596 1427 gentium
622 1361 798 1426 progressus
827 1345 958 1425 intueor,
991 1349 1066 1412 illud
1096 1350 1208 1412 minime
1237 1348 1374 1410 credibile

230 1458 358 1528 ridetur,
394 1450 472 1532 quod
508 1447 628 1510 credere
662 1449 855 1523 assuevimus,
882 1450 955 1513 baec
987 1451 1059 1514 talia
1088 1452 1145 1514 duo
1173 1455 1264 1533 opera
1291 1452 1375 1514 eunius

229 1559 339 1639 ingenii
360 1559 479 1636 repente
503 1569 538 1613 er
559 1550 686 1612 tenebris
711 1549 914 1632 splendescere
935 1562 963 1616 at
984 1553 1078 1616 nitore
1095 1556 1267 1636 partium-et
1280 1554 1375 1616 multb

230 1661 401 1741 magnisque
419 1654 573 1749 uirtutibus
597 1671 726 1748 summae
743 1661 912 1736 perpetuae.

733 1904 870 1988 XXXXl.

306 2116 443 2178 Altero
466 2115 555 2173 aetas
576 2127 595 2170 a
618 2108 825 2170 Pisistratidas
848 2109 887 2171 ad
909 2109 1103 2172 Zenodotom
1124 2129 1182 2177 nou
1200 2109 1289 2182 mudto
1309 2111 1377 2194 plus

228 2216 303 2280 lacis
329 2217 417 2278 habet
447 2231 532 2293 quam
557 2210 621 2295 illa
639 2211 740 2292 prima.
796 2212 882 2288 Quod
911 2213 994 2275 nobis
1027 2198 1074 2274 est
1099 2213 1185 2276 valde
1213 2212 1377 2290 dolendam,

229 2318 366 2400 quoniam
398 2317 428 2375 in
458 2331 494 2375 ea
528 2313 657 2390 origines
687 2315 872 2394 quaerendae
902 2322 969 2377 sunt
1000 2315 1091 2377 omnis
1120 2316 1378 2398 interpretationis,

229 2430 306 2502 quae
328 2415 442 2500 quidem
464 2413 543 2496 apnd
562 2422 675 2476 veteres
696 2415 726 2475 in
747 2434 802 2476 usu
823 2416 885 2479 luit.
929 2417 1002 2478 Nam
1024 2425 1179 2498 antequam
1198 2436 1261 2480 eam
1280 2418 1378 2480 refer-

227 2524 337 2586 tissima
364 2519 467 2582 litteris
496 2525 578 2580 aetas
605 2516 714 2578 maiore
745 2527 889 2600 apparato
921 2517 1163 2598 aggrediebatur,
1195 2519 1379 2602 Philosophi,

228 2619 384 2707 Sophistae
414 2628 442 2684 et
473 2619 523 2682 alii
552 2620 713 2706 hheraliter
739 2621 845 2683 eruditi
868 2621 1025 2705 specimina
1062 2621 1204 2704 dederant
1230 2623 1379 2706 interpre-

226 2727 308 2790 tandi
327 2724 460 2795 Homeri,
496 2741 575 2784 mox·
588 2721 712 2784 studium
731 2723 1011 2806 multiplicandorum
1033 2726 1252 2807 exemplarium,
1272 2745 1379 2789 neces·
1477 2785 1478 2802 ,

227 2831 339 2895 s'itatem
357 2825 481 2889 allerens
504 2844 520 2888 e
542 2825 662 2888 dirersis
678 2826 844 2912 scripturis,
865 2846 939 2908 quas
957 2827 1095 2908 rhapsodi
1110 2829 1379 2911 suppeditaverant,
1477 2833 1478 2838 ’

226 2932 348 3012 optimas
371 2945 504 3010 quasque
527 2927 689 3006 deligendi,
721 2929 797 2990 viam
816 2929 934 2992 munivit
960 2923 1000 2990 ad
1026 2933 1235 2994 accuratiorem
1257 2925 1379 3016 κρίσιν.
1477 2987 1478 2992 ,

225 3032 331 3097 verum
353 3029 390 3090 de
409 3029 453 3089 bis
476 3028 577 3108 paullo
598 3028 757 3098 distinctius
777 3032 948 3094 tradendum
968 3038 1020 3094 est.

326 3133 370 3194 Ac
391 3131 483 3212 primo
508 3130 622 3212 quidem
644 3139 772 3212 tempore
792 3141 821 3194 et
841 3151 935 3214 paene
957 3133 995 3195 ad
1007 3133 1127 3198 Periclis
1140 3151 1233 3216 usque
1249 3143 1381 3198 aetatem

225 3234 350 3298 Graecia
370 3233 524 3295 Homerum
549 3242 577 3295 et
604 3241 716 3297 eeteros
738 3225 870 3308 ἀοιδοὺς
899 3254 967 3298 suos
996 3236 1090 3298 adhuc
1109 3235 1257 3298 auditione
1277 3240 1380 3317 magis

224 3357 310 3419 quam
331 3336 455 3410 lectione
478 3339 684 3416 cognoscebat.
734 3335 906 3410 Paucorum¹
920 3340 1005 3400 etiam
1033 3347 1092 3399 tum
1119 3345 1182 3399 erat
1207 3353 1278 3398 cura
1301 3342 1382 3401 scri-

222 3440 325 3514 bendi,
351 3438 437 3500 lectio
461 3456 587 3520 operosa
609 3447 637 3500 et
657 3437 796 3514 dilicibs;
828 3440 928 3520 itaque
942 3440 1096 3522 rhapsodis
1110 3439 1231 3502 maxime
1253 3457 1381 3520 operam

223 3528 346 3613 dabant,
376 3540 514 3618 captique
532 3540 606 3600 mira
628 3539 779 3602 dulcedine
800 3551 900 3604 cantans
924 3544 961 3604 ab
984 3541 1100 3605 illorum
1124 3531 1176 3606 ore
1195 3542 1380 3622 pendebant.

220 3641 254 3703 ln
273 3639 440 3702 clarissimis
453 3641 537 3701 huius
552 3641 662 3702 saecoli
680 3643 834 3725 rhapsodis
848 3654 1023 3708 memoratur
1041 3646 1120 3707 circa
1134 3643 1244 3725 Olpmp.
1262 3645 1382 3713 LXIX.

221 3743 401 3826 Cynaethos,
435 3742 563 3806 Pindaro
591 3743 738 3826 aequalis,
777 3747 827 3826 qui
861 3746 934 3811 Ghio
965 3748 1165 3826 commigrauit
1197 3746 1382 3826 Syracusas,

154 3857 204 3913 161
221 3848 270 3912 rel
303 3849 345 3912 ibi
380 3847 502 3910 maxime
535 3853 626 3919 artem
659 3846 803 3916 lectitarit
818 3845 873 3929 ²¹).
928 3849 1025 3930 Atque
1060 3849 1145 3910 huius
1178 3848 1384 3930 professionis

218 3951 348 4014 homines
374 3969 462 4031 quum
483 3967 567 4012 omne
586 3956 696 4032 tempus
719 3960 919 4013 consumerent
938 3953 969 4014 in
992 3951 1148 4036 ediscendo
1168 3960 1283 4033 poeta,
1306 3971 1386 4017 eos-

220 4051 283 4112 dem
304 4052 367 4114 eius
389 4053 496 4132 primos
513 4051 686 4133 interpretes
707 4051 798 4116 luisse
815 4061 910 4134 putes.
954 4052 1015 4119 Sed
1034 4053 1116 4118 nullo
1137 4053 1169 4118 id
1185 4053 1387 4120 confirmatur

253 4337 303 4404 21)
321 4333 410 4389 Sobol.
428 4335 502 4391 l'ind.
521 4311 648 4392 ac‘ltem.
667 4337 700 4398 ll.
718 4355 759 4409 pr.
