2976 4900
211 207 255 274 80
599 207 972 276 incubantibus.
1021 277 1025 279 ,

211 398 405 462 uetustissima
432 405 516 462 aetas
547 397 724 462 Graecorum
749 401 781 461 in
810 397 972 470 adolando,
1006 395 1146 460 ornando
1165 396 1367 478 canendoque
1439 394 1441 397 ’

185 576 187 584 ᾗ
212 502 268 564 boo
291 509 380 582 poeta
397 520 482 566 omne
503 502 626 580 studium
649 501 819 577 collocavit,
852 500 969 582 reliquit
990 517 1027 563 ea
1047 509 1143 562 tamen
1164 498 1369 580 Pylaemesam

213 605 295 666 nimis
318 606 375 668 cito
397 604 450 667 sati
478 607 523 668 sni
546 605 681 680 oblitum,
709 614 738 667 et
765 605 869 667 similia
896 604 999 687 plura,
1031 621 1107 684 quse
1129 603 1227 675 Gddci
1250 611 1368 684 postea,

214 709 298 777 unice
318 717 507 789 quaerentes,
531 708 601 790 quid
623 702 804 782 ἐποποιΐας
825 709 919 775 tenori
940 715 969 769 et
985 707 1043 768 arti
1065 708 1248 780 conueniret,
1271 706 1368 773 obelis

214 820 243 874 et
265 811 510 879 emendationibus
532 811 592 872 suis
614 811 809 884 aod-ordinem
822 819 864 883 ÷et
894 811 1080 883 concordiam
1104 809 1240 890 redigere
1267 810 1369 877 conati

155 979 158 990 ,
214 921 280 976 sunt
294 908 348 987 υ9).

634 1074 841 1188 fxxxn
920 1063 923 1067 ’

146 1313 199 1370 134
317 1306 447 1370 Fuerunt
476 1302 636 1385 aliquando
662 1303 844 1388 philosophi,
873 1304 923 1386 qni
952 1305 1028 1368 banc
1054 1304 1178 1378 omnium
1205 1321 1303 1365 rerum
1331 1321 1368 1365 ac

215 1396 371 1494 carporum
391 1424 560 1487 compagem
583 1417 611 1470 et
633 1409 849 1478 uniuersitatem
871 1425 931 1470 non
959 1414 1052 1470 mente
1072 1409 1254 1488 numineque
1267 1406 1368 1495 diuino

192 1494 345 1587 'iactam
363 1511 414 1574 sed
438 1508 514 1572 iorte
532 1519 565 1572 ct
586 1529 656 1574 casu
677 1519 775 1575 natam
804 1518 892 1592 atque
921 1495 1083 1572 concretam
1104 1526 1169 1572 esse
1195 1494 1368 1572 staurerent.

214 1620 280 1687 llou
302 1624 414 1690 metuo,
440 1632 478 1676 ue
502 1615 566 1694 quis
587 1633 635 1676 me
652 1615 751 1677 similis
773 1613 941 1678 temeritatis
963 1620 1096 1700 accuset,
1127 1631 1213 1693 quum
1233 1613 1367 1701 vestigiis

214 1723 391 1787 artificiosae
412 1718 560 1798 compagis
581 1725 609 1780 et
629 1712 696 1778 aliis
718 1718 857 1796 grauibus
879 1717 973 1778 causis
991 1716 1136 1790 adducar,
1158 1723 1191 1777 nt
1210 1716 1369 1780 Homerum

215 1845 275 1890 non
294 1823 496 1886 uniuersorum
522 1821 607 1902 quasi
629 1837 784 1903 corporum
798 1838 927 1894 ¹surorum
948 1819 1077 1902 opificem
1102 1835 1180 1894 esse,
1215 1819 1267 1882 sed
1290 1821 1368 1882 banc

207 1938 313 1994 artem>
329 1933 365 1994 et
380 1930 553 1987 structuram
579 1924 791 2005 posterioribus
817 1922 944 1986 saeculis
966 1921 1084 1997 inditam
1109 1930 1234 2004 putem·
1264 1922 1369 2004 Neque

213 2035 291 2105 enim
308 2030 339 2094 id
360 2036 480 2111 repente
501 2013 622 2091 fortuito
644 2028 769 2102 lactum,
801 2043 900 2109 uerum
913 2097 914 2100 Ἴ
926 2018 1079 2110 coniuncta
1109 2016 1140 2088 in
1161 2026 1217 2088 boc
1241 2026 1370 2108 plurium

145 2184 154 2201 .
214 2144 342 2201 aereum
363 2118 565 2211 hominumque
587 2129 684 2192 studia
706 2127 875 2211 reperimus.
925 2129 962 2191 Ut
989 2138 1085 2192 autem
1113 2146 1163 2205 ea,
1184 2147 1273 2210 vquae
1303 2129 1370 2192 lieri

148 2243 200 2301 135
216 2258 280 2303 uon
301 2240 442 2318 possunt,
470 2231 550 2293 iacta
578 2232 697 2294 credere
727 2230 924 2298 stultissimum
951 2239 1006 2319 est,
1035 2233 1077 2294 ita
1101 2229 1259 2303 cavendum
1280 2233 1370 2295 etiarn

214 2340 303 2414 illud,
324 2355 362 2400 ne
385 2333 537 2398 semorum
556 2342 728 2402 nostrorum,
740 2335 804 2397 acie
822 2342 946 2396 naturae
967 2340 995 2398 et
1013 2353 1109 2397 rerum
1122 2333 1194 2396 lines
1207 2335 1369 2413 utebamur,

117 2520 118 2524 ,
212 2503 528 2524 W

247 2619 296 2688 99)
316 2614 511 2684 Nonnunquam
537 2617 622 2668 minus
654 2615 770 2670 leliciler
798 2615 841 2668 vel
870 2621 1034 2683 constanter.
1076 2615 1161 2672 Utin
1194 2618 1242 2671 illo
1268 2615 1366 2688 Pylae-

240 2712 243 2717 ·
318 2716 410 2766 mene,
442 2701 498 2755 lilio
534 2700 694 2772 llarpalioni
723 2705 751 2755 in
778 2699 858 2754 funus
882 2702 1032 2771 prodeunte
1057 2701 1088 2756 ll.
1119 2722 1143 2761 ν.
1167 2706 1261 2771 658,ι
1284 2706 1367 2774 buum

317 2792 375 2858 ipse
395 2789 499 2839 occisus
520 2795 592 2840 esset
609 2805 629 2850 e,
648 2789 707 2844 578.
752 2783 799 2838 De·
817 2801 875 2856 quc>
892 2787 983 2851 nobis,
998 2788 1089 2857 plures
1109 2792 1228 2844 rabones
1255 2788 1366 2843 illorum

316 2868 581 2943 propinantscbolb
598 2868 718 2933 etEust,
753 2867 850 2923 Earum
872 2873 962 2939 nulla,
981 2875 1087 2944 siquid
1107 2875 1201 2941 video,
1228 2890 1294 2930 vera
1312 2882 1366 2942 est,

317 2969 371 3009 una
389 2953 470 3023 louge
488 2956 670 3024 ineptissima,
690 2970 744 3026 qua
758 2957 925 3027 corrigitur,
944 2956 1018 3028 μετὰ
1037 2959 1062 3012 d’
1083 2958 1119 3013 od
1135 2977 1187 3034 qipa
1203 2959 1295 3033 πατὴρ
1309 2967 1366 3016 κίε.

317 3039 392 3113 blane
415 3043 503 3094 tamen
526 3038 608 3094 Barn.
634 3043 742 3096 ornavit
767 3044 878 3110 proprio
903 3044 1046 3098 versiculo.
1087 3045 1141 3100 Alii
1164 3063 1248 3118 nuper
1277 3050 1366 3117 ipsum

209 3196 212 3201 Ι
316 3132 423 3198 poetam
442 3126 588 3180 oblivionis
608 3125 785 3184 accusabant:
813 3124 884 3196 quod
903 3137 1076 3184 commentum
1096 3135 1178 3198 nulli,
1202 3142 1281 3204 puto,
1297 3134 1366 3188 dri-

316 3209 483 3268 starcborum
501 3219 619 3268 veterum
639 3213 781 3283 probatum
802 3212 904 3266 luisset.
947 3214 1014 3269 Nam
1042 3218 1111 3271 alios
1136 3220 1241 3290 quidonr
1267 3223 1294 3273 iu
1320 3220 1366 3276 his

317 3296 397 3354 rebus
416 3296 630 3364 aliam‘lamam,
657 3298 796 3351 autidem
813 3298 847 3350 in
864 3296 978 3354 divorsis
997 3303 1105 3370 seriptis
1132 3304 1265 3360 diversam
1285 3311 1367 3376 sequi

315 3386 421 3454 potest,
451 3397 505 3436 nott
521 3383 593 3437 idem
614 3386 642 3437 in
661 3381 754 3437 eadem
778 3385 902 3449 variare,
928 3387 955 3436 et
983 3383 1088 3454 quidem
1104 3385 1194 3444 brevi
1217 3391 1366 3448 intervallo

315 3469 393 3520 unius
412 3467 513 3534 operis.
549 3466 745 3536 Deniqnetale
763 3467 826 3536 quid
843 3468 965 3524 excidere
982 3475 1071 3543 potest
1090 3478 1236 3530 recentiori·
1255 3482 1366 3545 poetae,

317 3551 423 3605 labulas
441 3567 556 3620 operose
569 3552 723 3622 colligenti,
743 3568 797 3606 non
813 3550 918 3624 ἀοιδῷ,
939 3558 985 3625 qui
1003 3557 1029 3608 in
1046 3554 1096 3610 bac
1112 3557 1236 3615 doctrina
1249 3560 1366 3616 habitat.

249 3642 254 3645 ’
314 3628 414 3690 Melius
439 3642 511 3690 certe
540 3638 603 3692 olim
632 3638 739 3709 quidam
762 3643 902 3711 utrumqne
926 3654 1031 3692 versum
1057 3629 1262 3714 e'xprrngebant,
1292 3661 1366 3716 quae

313 3721 474 3776 brevissima
492 3728 557 3776 sane
584 3725 628 3778 uia
654 3721 748 3779 estad
767 3740 870 3780 omnem
899 3723 1118 3794 discrepantiam-
1134 3736 1160 3782 et
1178 3730 1366 3785 difficultatem

312 3808 468 3865 tollendam.
509 3805 578 3862 liliis
603 3822 668 3862 vero
693 3811 761 3866 locis
780 3810 843 3864 illos
870 3812 928 3866 sive
948 3812 1052 3865 incuria
1076 3815 1134 3868 sive
1157 3829 1240 3884 prava
1255 3815 1364 3884 reilgio

314 3896 460 3963 deterruit,
494 3910 547 3965 quo
573 3895 658 3948 minus
680 3891 772 3957 omnia
795 3899 939 3975 elicerent,
973 3909 1042 3966 quae
1069 3910 1157 3952 rernm
1184 3914 1310 3954 summam
1335 3905 1365 3954 et

313 3981 482 4053 aequabilem
508 3988 629 4035 tenorem
655 3981 805 4039 turbarent.
830 3977 891 4045 Ut,
914 3994 948 4034 ne
974 3981 1030 4037 alia
1055 3997 1125 4037 nunc
1149 3998 1310 4054 congeram,
1333 3986 1365 4038 in

213 4065 214 4071 ’
313 4069 373 4136 ipsa
391 4061 592 4142 chorograpbia
612 4069 674 4136 agri
690 4067 805 4122 brutam
825 4065 929 4137 aliquid
948 4065 1069 4131 retiolum
1095 4073 1135 4122 est
1153 4069 1363 4138 discrepantiae,

211 4192 213 4196 Α
312 4167 361 4206 mec
379 4152 512 4207 sublatum
536 4151 662 4218 abistis,
689 4156 763 4210 culus
789 4152 995 4208 causabamini
1016 4158 1111 4208 auctor
1129 4156 1195 4219 sim,
1220 4158 1250 4209 ut
1273 4153 1363 4208 denuo

313 4237 420 4307 longum
442 4240 494 4292 iter
511 4239 648 4306 suscipiat.
