2976 4900
114 359 117 366 ,
233 291 295 358 tiu
622 285 988 353 PROLEGOMEN'A.

1478 357 1479 406 l

232 478 357 558 scholiis
390 476 478 539 semel
506 476 591 538 nodo
621 476 763 541 landatur·
794 478 909 540 nomine
939 475 1126 558 Colophonii,
1161 483 1256 558 atquc.
1278 477 1320 538 ibi
1350 485 1385 537 nt

231 600 305 642 orons
327 577 389 640 τῶν
410 577 478 658 μετ’
504 573 658 662 Ὅμηρον,
688 579 720 658 (ἰ.
748 596 773 641 e.
796 587 946 660 poetarum
973 579 1040 640 inde
1063 581 1100 640 ab
1122 580 1313 654 Archilocho,
1344 598 1384 640 ex
1478 549 1479 636 l

232 702 354 764 qnorum
382 701 436 742 usn
469 685 608 744 sermonis
644 682 789 744 Homerici
822 684 999 763 apparebat,
1035 683 1180 764 quomodo
1211 684 1269 764 ipsi
1303 684 1383 744 hunc

231 785 475 857 intellexissent‚)
502 783 646 863 pluraque
670 802 706 862 en
723 784 906 846 Carminibus
929 785 1009 864 illius
1031 803 1117 865 qnam
1143 803 1180 845 ex
1208 785 1384 846 recensione
1478 793 1479 864 i

231 888 385 950 Homerica
413 884 573 946 alieruntur
589 881 649 961 ⁴⁵),
685 888 813 952 omnibns
846 896 940 948 tamen
975 886 1091 949 collatis
1124 885 1256 966 reliqniis
1292 885 1384 966 plane

232 989 363 1078 effectum
383 995 468 1068 poto,
491 1007 578 1050 unum
600 990 708 1070 ubique
730 997 844 1069 poetam
865 987 1090 1068 Colophonium,
1118 987 1248 1059 Socratis
1268 1003 1385 1068 aequa·

165 1093 304 1166 1831em,
338 1087 556 1168 intelligendum
587 1101 660 1155 esse.
713 1092 846 1153 Ceterum
873 1089 1029 1172 specimina
1056 1089 1114 1149 ista
1140 1089 1218 1150 hand
1245 1107 1385 1168 aramum

1478 2779 1479 2830 l

1478 2839 1479 2882 r

232 1193 316 1257 nobis
347 1190 521 1254 desiderium
550 1181 664 1254 mouent
694 1192 778 1253 huius
808 1191 991 1272 exemplaris.
1046 1191 1177 1270 ¹Tametsi
1213 1192 1300 1254 etiam
1334 1190 1384 1252 hie

232 1292 515 1357 animaduertendum
535 1302 597 1366 est,
622 1293 658 1364 de
677 1297 810 1358 uniuerso
830 1312 954 1377 corpore
976 1274 1110 1356 iudicium
1130 1293 1384 1378 heninnonposse

232 1417 269 1462 ex
290 1407 348 1466 tam
369 1397 483 1458 minutis
503 1397 651 1469 articulis,
673 1406 701 1460 et
721 1417 759 1459 ¹ea
780 1398 860 1479 ipsa,
882 1417 958 1477 quae
978 1398 1063 1459 nobis
1083 1398 1189 1460 citima
1211 1406 1239 1459 et
1252 1385 1385 1458 absu‘rda

230 1500 325 1564 uideri
341 1498 475 1578 debent,
487 1498 555 1559 olim
574 1499 704 1580 plurimis
726 1501 940 1582 exemplaribus
961 1489 1087 1563 fortasse
1107 1499 1383 1569 communiafnisse.

9 1681 11 1710 ι
333 1613 393 1675 Sed
417 1623 553 1694 qnantum
573 1631 661 1678 caeco
690 1619 769 1678 casui
793 1614 935 1679 debeatui
959 1617 989 1678 in
1011 1615 1218 1678 conservandis
1243 1617 1288 1676 bis
1309 1617 1386 1676 arti-

231 1717 303 1782 onlis
333 1725 362 1778 ct
383 1716 530 1791 frustulis,
562 1721 746 1783 memorabile
778 1722 976 1784 documentum
1001 1718 1130 1784 uidemus
1160 1718 1190 1780 in
1220 1735 1274 1793 eo,
1301 1719 1383 1803 quod

9 1775 11 1860 l
231 1820 292 1880 eins
314 1819 522 1903 recensionis„
542 1839 617 1900 quae
642 1822 732 1901 uulgo
755 1823 794 1884 ad
815 1823 1001 1910 Aristotelem
1022 1822 1164 1896 refertur,
1190 1820 1247 1904 τῆς
1268 1814 1304 1880 ἐκ
1321 1819 1383 1880 τοῦ

229 1914 410 2003 νάρθηκος,
432 1939 469 1998 ne
493 1925 581 1986 semel
604 1925 718 2005 quidem
741 1927 846 1988 mentio
868 1927 898 1988 lit
921 1927 951 1986 in
970 1922 1096 1988 Scholiis
1118 1925 1236 1987 nostris.
1278 1926 1384 2004 Appo-

229 2025 307 2086 nitur
334 2023 448 2105 quidem
478 2026 645 2098 Aristotelis
670 2029 829 2090 auctoritas
859 2031 890 2090 in
917 2027 1040 2112 pradum
1069 2027 1209 2088 caumate
1236 2026 1383 2101 lectionis,

230 2146 287 2192 non
308 2129 351 2190 sic
370 2136 477 2202 tamen,
502 2136 534 2188 ut
551 2128 581 2189 id
603 2147 640 2190 ex
660 2133 831 2216 recensione
852 2132 905 2194 illa
919 2137 1063 2193 enotetum
1085 2144 1149 2193 esse
1169 2137 1312 2210 appareat
1326 2123 1384 2203 ⁴⁰).

228 2231 330 2310 Neque
352 2248 422 2318 pero
447 2229 563 2291 aliunde
587 2233 720 2295 subvenit
747 2227 853 2296 certior
875 2233 978 2297 notitia
1000 2231 1178 2296 celeberrimi
1198 2225 1384 2314 monumenti,

229 2332 322 2412 qnod,
344 2339 416 2392 testo
437 2330 609 2410 Plutarcho,
631 2335 724 2396 solam
745 2335 840 2396 iliada
854 2335 1003 2401 continuit.
1043 2332 1202 2395 Praeterea
1221 2333 1384 2413 comparati

227 2434 302 2496 inter
324 2451 356 2495 se
377 2431 550 2498 Plutarchus
578 2445 606 2498 ot
632 2436 739 2500 Strabo
761 2437 949 2516 significant,
969 2436 999 2496 in
1026 2453 1062 2496 ea
1088 2434 1215 2516 plurium
1235 2437 1384 2500 hominum

223 2612 228 2624 e

226 2635 546 2648 mn

341 2765 373 2819 N.
395 2773 438 2823 31.
476 2763 540 2818 Inde
560 2780 629 2818 norm
649 2749 793 2834 repetenda
812 2772 887 2827 sunt,
900 2817 902 2820 ,
917 2780 986 2836 qnae
1005 2781 1093 2820 rerum
1112 2766 1179 2819 ordo
1197 2768 1297 2834 poscit,
1325 2766 1382 2818 alia

334 2850 498 2920 corrigenda
516 2857 542 2902 et
560 2851 715 2919 diligentius
737 2851 931 2921 persequenda.
1035 2883 1041 2890 —
1145 2847 1148 2852 ’
1264 2893 1272 2900 .

266 2939 314 3005 45)
335 2936 515 3016 Poste-moris,
539 2934 574 2988 ad
595 2937 676 2987 crisin
697 2939 809 3005 propius·
826 2940 987 3006 sper-tantis,
1013 2939 1122 3008 generis
1148 2933 1200 2988 looi
1220 2931 1334 2987 'suntad
1354 2953 1382 2986 α.

333 3025 473 3078 298424.
494 3024 554 3076 598.
574 3038 605 3089 tp.
624 3021 683 3074 607.
700 3007 807 3089 pesa.
834 3033 865 3089 up.
877 3009 946 3078 ’804
962 3022 1022 3089 (ubi
1041 3013 1180 3094 perperam
1203 3022 1331 3088 seriptum
1345 3022 1382 3070 ,αἱ

331 3121 382 3176 pro
401 3106 430 3156 οἱ
448 3105 534 3172 primo
553 3106 681 3184 adspectu
701 3105 796 3158 lamam
817 3103 930 3172 duplicis
949 3106 1077 3160 editionis
1094 3103 1284 3162 Antimacheae
1296 3117 1379 3174 spar-

330 3188 450 3262 genno)
475 3197 534 3246 871.
563 3208 592 3243 ω.
617 3199 660 3246 71.
687 3187 783 3260 quibus
812 3191 872 3244 add.
898 3188 1018 3246 Eustuth.
1044 3192 1078 3245 ad
1104 3211 1133 3262 φ.
1158 3194 1221 3261 397.
1246 3205 1270 3258 p.
1299 3193 1378 3251 1243.

334 3275 440 3332 Prioris
457 3281 519 3328 sunt
537 3273 564 3327 hi
584 3274 651 3329 loci:
679 3276 713 3328 ad
732 3296 758 3327 u.
774 3285 803 3332 ·1.
822 3283 847 3342 p.
869 3283 892 3330 2.
910 3297 935 3346 y.
957 3281 1014 3332 197.
1035 3276 1060 3330 d.
1078 3261 1216 3334 bochis.
1234 3275 1280 3342 (tl.
1299 3275 1334 3327 ad
1352 3267 1379 3329 tt·

331 3365 392 3418 299.
410 3357 439 3411 ὀ.
460 3360 533 3428 119.)
552 3379 573 3414 ε.
595 3364 621 3415 in
639 3361 713 3416 brev.
735 3361 824 3417 Schol.
842 3367 902 3421 389.
930 3365 950 3424 ζ.
968 3367 1027 3418 200.
1047 3364 1071 3414 i.
1096 3363 1157 3418 753.
1179 3366 1201 3423 ξ.
1226 3347 1286 3420 dou
1314 3347 1378 3416 {oo

252 3469 256 3478 ·
333 3466 359 3518 ρ.
381 3447 437 3500 iau.
459 3456 491 3514 ψ.
510 3449 570 3503 845.
591 3465 620 3500 ω.
639 3447 683 3502 23.
720 3445 801 3501 Plura
818 3447 905 3502 in‘hts
924 3447 1036 3516 indigua
1054 3450 1114 3499 sunt
1132 3444 1211 3499 docto
1232 3451 1329 3516 poeto,
1352 3453 1380 3500 et

332 3546 346 3584 e
373 3529 470 3597 quibus
497 3529 529 3584 de
557 3531 699 3599 disciplina
724 3532 910 3595 Steaimbroti,
941 3533 1016 3586 cuius
1043 3531 1090 3584 illc
1119 3529 1270 3602 discipulus
1292 3530 1379 3585 inisse

311 3615 432 3690 flentur,
465 3627 519 3665 noo
550 3619 656 3683 optime·
682 3619 825 3669 existimes.
875 3615 928 3670 Sed
952 3618 980 3669 in
1005 3619 1039 3669 iis
1064 3618 1201 3670 immorari
1226 3631 1295 3670 nunc
1321 3632 1379 3670 non

328 3705 415 3768 vaput
853 3705 859 3710 ’
1347 3709 1353 3716 ”

257 3787 307 3858 46)
323 3784 383 3842 vu.
404 3783 438 3838 ad
457 3790 486 3851 pi.
506 3788 548 3842 53.
570 3782 616 3841 uhi
637 3788 666 3838 in
686 3807 712 3839 α.
736 3791 792 3842 187.
814 3784 1041 3860 donnvscribltur.
1077 3784 1142 3842 Fide
1160 3784 1288 3854 digniora
1304 3791 1379 3850 snut,

329 3887 399 3944 qnae
419 3861 563 3926 traduntur
580 3871 617 3940 ,ad
636 3891 667 3942 φ.
687 3875 746 3928 252.
766 3877 793 3926 et
817 3875 845 3926 in
864 3863 1003 3927 Theocriti
1024 3868 1204 3944 scholiis'ad
1228 3866 1325 3938 odyss.
1345 3887 1378 3923 π.

327 3961 387 4016 176.
409 3956 456 4010 nbi
473 3975 497 4012 u.
517 3957 645 4022 harnes,
671 3959 805 4026 longeque
830 3955 917 4033 plora
930 3969 961 4011 ex
979 3955 1031 4010 hoc
1046 3967 1149 4026 genere
1172 3957 1200 4008 in
1217 3953 1284 4023 ipsis
1303 3951 1380 4024 Opp.

327 4041 440 4096 biristet.
476 4041 515 4096 Ao
532 4044 602 4096 talia
619 4043 647 4095 in
665 4045 699 4095 iis
718 4039 797 4094 libris
821 4041 897 4102 eins,
923 4047 969 4111 qui
990 4044 1146 4111 perierunt,
1171 4039 1380 4108 aliqnammnlta

327 4127 411 4179 luisse
430 4125 561 4182 credibile
582 4133 636 4190 est,
656 4126 737 4198 etiam
756 4120 954 4202 illustrationes
976 4125 1136 4192 lectionum,
1156 4119 1305 4178 cuiusmodi
1324 4120 1379 4175 illa

279 4239 282 4244 -
327 4215 369 4262 nst
387 4222 431 4280 ap.¹
448 4207 552 4265 helian.
580 4209 614 4266 N.
632 4209 662 4264 A.
682 4208 745 4275 XV,
771 4212 814 4264 28.
857 4206 1015 4264 ln'Venetis
1040 4209 1075 4264 ad
1099 4216 1126 4278 β.
1151 4209 1213 4264 447.
1232 4211 1266 4260 ct
1290 4225 1308 4260 ι.
1330 4211 1379 4262 21.

328 4295 413 4347 cuivis
433 4297 562 4364 apparet,
579 4292 735 4368 Aristotelis
756 4305 852 4348 unomen
872 4294 1024 4353 mutandum
1043 4309 1103 4351 esse
1125 4296 1153 4351 in
1171 4288 1378 4372 Aristophanis.
