2944 4900
219 307 264 376 64
608 301 979 370 ΡιιθιΕιιθιιΕιιΑ.

220 497 325 580 quibus
348 493 473 560 soHenni
494 493 656 574 recitationi
676 489 893 554 Homericomnr
914 497 943 552 et
960 489 1084 553 aliorum
1097 488 1274 560 -Garminonn
1286 511 1380 576 prae·

219 601 363 664 luderent
423 598 528 679 ltaque
552 595 715 679 posteriore
748 595 779 654 iu
808 593 907 674 primis
937 601 1057 656 aunone
1083 593 1177 657 fretus
1214 596 1272 656 iam
1304 597 1379 660 oiim

194 739 197 746 ,
219 703 435 766 Hemsterbusio
456 699 529 760 duce
555 697 681 773 conieci,
704 713 741 758 eu
764 695 870 758 talibus
891 697 1049 778 prooemiis
1063 707 1097 760 et
1111 698 1283 776 fragmentis
1303 719 1379 781 pro·

220 809 376 870 oemioram
410 806 485 864 lianc
520 807 648 861 nostram
688 797 867 876 lanuginem
900 798 1075 878 Hymnorom
1109 801 1260 865 conmotam
1298 818 1378 878 csse,

219 907 319 972 addite
332 924 444 978 ¹censa,
467 921 526 964 non
548 901 735 984 improbabili
755 901 898 972 fortasse,
922 916 975 962 nor
997 901 1051 968 illa
1065 903 1170 966 sensim
1193 921 1256 968 cunr
1268 905 1379 968 Home-

218 1011 287 1073 ricis
312 1008 493 1072 Carminibus
516 1005 638 1068 confusa
661 1007 718 1067 siut
734 1000 789 1080 79).
833 1003 912 1066 Nihil
933 1006 1024 1079 enim,-
1044 1014 1075 1067 ut
1095 1008 1214 1088 opinor,
1244 1007 1379 1074 interfuit

217 1115 396 1176 theatrorum
432 1112 565 1185 istorum,
602 1108 783 1190 exploratum
812 1108 937 1182 babere,
979 1109 1026 1169 cui
1064 1109 1190 1190 quidque
1225 1109 1377 1187 deberent,

218 1215 297 1297 quod
318 1213 419 1276 andito
439 1203 557 1292 dignum
576 1219 671 1272 essetr-
694 1209 957 1274 Alexandrinorum
971 1218 1066 1272 cotem
1085 1219 1228 1304 ternpore,
1250 1229 1376 1294 qnorum

217 1317 340 1380 maxim
363 1315 509 1392 interfuit,
540 1311 612 1374 nibil
639 1311 753 1375 uidetur
782 1309 960 1392 superfuisse
989 1314 1045 1375 nisi
1072 1315 1156 1378 uaria
1183 1321 1212 1374 et
1246 1315 1376 1396 obscura

217 1421 311 1495 famu,
332 1426 364 1480 ιιι
386 1419 422 1480 do
441 1425 484 1480 tot
505 1416 570 1478 aliis
592 1406 807 1492 ἀδεσπότοις,
832 1431 954 1493 quorum
975 1415 1107 1496 partim'
1098 1435 1158 1478 rom
1177 1417 1256 1538 epod
1276 1391 1377 1482 Hero-

218 1523 315 1585 dotum
337 1521 456 1582 mentio
466 1518 504 1580 lit

319 1621 454 1703 Denique
472 1619 509 1683 dc
530 1599 669 1681 sollennia
691 1618 843 1698 iustaeque
863 1617 1044 1680 recitationis
1059 1619 1205 1682 radone
1196 1627 1228 1680 ιιι
1246 1620 1374 1702 publicis

150 1735 202 1790 108
220 1725 406 1790 conuentibus
429 1732 458 1786 et
479 1721 682 1786 certaminibus
703 1721 878 1801 paucissima
896 1727 977 1796 sort,
999 1739 1080 1802 puae
1097 1731 1178 1786 certa
1196 1741 1292 1788 rerum
1313 1725 1374 1788 lide

217 1827 378 1890 trademur.
421 1826 514 1888 Unum
531 1825 606 1886 iuter
628 1839 727 1884 omnes
745 1829 873 1897 constat,
894 1833 1046 1906 utrumque
1067 1842 1139 1908 epos
1160 1827 1278 1890 Homeri
1297 1847 1374 1890 nou.

217 1931 274 1994 nisi
294 1929 489 2013 particulatim
512 1945 548 1991 ac
572 1928 686 1991 diuerso
708 1924 811 1988 ordine
833 1925 1015 1990 decantatum
1043 1945 1125 2004 esse,
1153 1939 1183 1994 et
1207 1931 1373 2012 panicum

218 2036 322 2118 cuique
343 2034 434 2114 uulgo
454 2033 605 2116 proprium
627 2045 730 2092 nomeu
753 2028 845 2093 luisse
860 2022 915 2106 ⁸⁰).
962 2028 1009 2092 En
1032 2032 1148 2096 nonina
1175 2042 1290 2098 exstem
1310 2043 1373 2098 tum

150 2153 153 2156 ·
216 2139 296 2221 apud
316 2137 469 2202 Aelianum
489 2145 518 2198 et
538 2133 719 2196 Eustatbiunn
739 2130 773 2194 iu
790 2132 940 2214 principiis
956 2134 1192 2215 rhapsodiam,
1213 2145 1273 2226 tum
1290 2139 1373 2220 apud

216 2243 291 2304 ulios
319 2241 476 2321 scriptores
506 2257 592 2319 ιιιιι
626 2234 782 2318 plurimos,
820 2235 871 2315 qui
899 2238 1014 2316 passim
1041 2238 1196 2302 Homerios
1230 2237 1299 2319 loca
1330 2241 1372 2304 ad

214 2343 296 2406 illurn
321 2342 436 2406 modom
468 2341 605 2403 excitant.
650 2337 716 2404 ,Sed
747 2345 924 2418 caeparios
951 2341 988 2402 ab
1020 2341 1103 2404 initio
1129 2341 1192 2404 fere
1216 2341 1371 2422 longiores

214 2448 348 2522 fuerunt,
371 2462 483 2527 neque,
512 2451 544 2505 ut
567 2459 604 2504 ex
623 2439 938 2519 Emathio-colligas,
968 2461 1031 2506 cum
1049 2443 1238 2508 unsarana
1259 2446 1372 2510 deseri.

214 2551 313 2633 ptione
339 2549 480 2624 librorum
508 2552 712 2636 congruentes.
762 2541 808 2607 ιιι
839 2533 988 2608 Minimo
1015 2535 1182 2628 ἅπόλιγος
1209 2547 1246 2612 ιι
1275 2548 1372 2614 relV

213 2652 305 2714 libros
331 2649 480 2732 Odysseae
500 2648 746 2732 complectebatur
760 2639 820 2726 Ἧι
858 2647 936 2728 qaod
957 2666 1077 2730 pensum
1098 2651 1129 2712 iu
1148 2667 1208 2713 oua
1227 2649 1371 2714 sollenni-

320 2951 433 3018 blusas,
465 2950 513 3006 sed
534 2953 567 3010 in
591 2955 709 3010 ceteros,
730 2966 836 3020 quoque
859 2949 925 3004 deos
949 2952 1113 3019 prooemiari
1138 2953 1246 3008 solitum
1272 2954 1368 3012 luisse.

318 3033 411 3106 Neque
429 3043 516 3090 ιιιιιιι
538 3051 570 3090 ex
588 3034 705 3089 Pindaro
726 3041 799 3090 recte
818 3035 948 3112 colligas,
970 3051 1075 3105 semper
1091 3053 1108 3088 u
1123 3041 1191 3090 Jove
1205 3041 1367 3108 principium

318 3121 425 3176 laetum.
457 3121 629 3192 Comparatio
644 3121 728 3184 illius,
747 3121 785 3172 uti
799 3119 922 3190 Lyrioum
937 3119 1063 3185 decebat,
1085 3121 1165 3175 ducta
1179 3129 1220 3176 est
1233 3138 1249 3176 a
1262 3140 1366 3194 genero

317 3210 429 3263 maxime
441 3209 570 3272 illustri,
595 3209 613 3266 i.
639 3221 663 3262 e.
690 3219 706 3256 a
725 3219 799 3260 more
818 3205 1054 3260 celeberrimorum
1073 3207 1201 3261 festorum
1225 3214 1252 3262 et
1270 3227 1366 3276 πανη·

315 3292 436 3368 γύρεων.
479 3295 603 3348 Ceterum
634 3296 664 3345 ιιι
691 3289 823 3344 Pindarus
848 3289 913 3344 dicit
942 3296 1157 3363 προοίμιον
1187 3289 1294 3354 Διός,
1324 3297 1365 3348 sic

304 3379 487 3450 ¹fl‘luucpdtdes
503 3375 557 3444 ιιι,
580 3380 639 3434 104.
657 3383 761 3446 partem
780 3377 892 3430 maioris
911 3373 1005 3452 Hymni
1022 3378 1050 3430 in
1069 3377 1158 3448 Apoll.
1185 3377 1235 3440 tuln
1252 3377 1365 3434 ¹llomori

315 3467 424 3516 nornine
442 3463 572 3526 laudons,
591 3467 671 3515 uocat
689 3467 900 3534 προοίμιον
916 3456 1111 3522 :ludilonem
1141 3477 1194 3534 quo
1212 3465 1365 3537 nominent

314 3545 364 3598 ιιιιι
385 3545 508 3616 plerique
528 3552 636 3599 utuntur
656 3544 688 3599 de
707 3545 824 3616 Hymuis.
870 3543 973 3614 Quippe
993 3545 1150 3601 vocabulum
1173 3543 1263 3618 ὕμνος
1281 3547 1364 3604 latius

316 3634 408 3698 patet,
435 3638 461 3684 et
485 3645 567 3700 saepe
594 3645 670 3683 omne
690 3647 775 3701 gertus
804 3630 883 3685 inuio
909 3631 1099 3700 complectitur.
1142 3627 1215 3684 Unde
1240 3630 1306 3685 illod
1335 3635 1366 3687 iu

315 3712 367 3766 fine
386 3715 466 3769 trion
485 3715 662 3784 Hymuorum,
681 3715 849 3770 manifestum
868 3717 945 3769 istius
966 3718 1047 3770 moris
1066 3717 1225 3785 uestigium:

346 3803 406 3852 Σεῦ
426 3799 451 3852 ι’
469 3797 524 3870 ἐγώ
544 3796 705 3874 ἀρξάμενος
721 3797 924 3873 μεταβήσομαι
941 3798 1029 3855 ἄλλον
1049 3800 1077 3860 ἐς
1097 3797 1199 3870 ὕμνον.

249 3881 298 3951 79)
314 3881 356 3937 ιι
376 3882 489 3940 Hesiodi
507 3883 612 3954 Tbeog.
635 3901 660 3953 p.
679 3890 721 3942 60.
751 3884 827 3939 Gonf.
848 3884 999 3941 blitecberl.
1018 3884 1053 3954 ud
1078 3883 1109 3948 ιι.
1127 3885 1155 3940 iu
1172 3883 1234 3944 fler.
1254 3897 1280 3952 p·
1300 3887 1363 3940 ιοι.

311 3978 338 4022 et
357 3965 485 4029 Hroddek
503 3969 698 4038 Commontsde
718 3969 878 4039 Hymuorom
898 3969 973 4024 Hom.
994 3970 1118 4040 reliquiis
1137 3985 1162 4038 p.
1182 3975 1226 4024 21.

246 4049 294 4118 80)
310 4051 398 4107 Instar
418 4056 532 4108 omnium
550 4053 629 4108 nobis
647 4061 688 4107 ost
705 4055 852 4108 auctoritas
871 4056 970 4110 ueteris
990 4055 1154 4123 scriptoris,
1169 4067 1246 4124 quom
1266 4066 1362 4108 excer-

311 4139 366 4204 psit
385 4137 488 4198 Aeliam
505 4139 781 4202 V.H.xt11,1t.

246 4220 295 4291 tit)
313 4220 389 4279 Conl.
408 4232 481 4281 recte
499 4231 649 4280 monentem
669 4223 848 4294 Tuiningiurn
873 4227 902 4278 in
928 4221 1006 4276 Notis
1033 4222 1067 4276 ιιι
1090 4219 1204 4282 Aristot.
1224 4220 1301 4276 root.
1330 4237 1359 4290 p

307 4309 367 4364 365
404 4308 480 4364 Addo
497 4310 658 4372 simillimum
676 4310 822 4379 exemplum
841 4321 884 4378 ap.
905 4305 1033 4364 Herodot.
1053 4305 1093 4374 ιι,
1114 4309 1193 4378 itti,
1218 4295 1314 4366 ubill
1336 4309 1358 4368 f
