<?xml version="1.0" encoding="UTF-8"?>
<!DOCTYPE html PUBLIC "-//W3C//DTD XHTML 1.0 Transitional//EN"
    "http://www.w3.org/TR/xhtml1/DTD/xhtml1-transitional.dtd">
<html xmlns="http://www.w3.org/1999/xhtml" xml:lang="en" lang="en">
 <head>
  <title>
</title>
<meta http-equiv="Content-Type" content="text/html;charset=utf-8" />
  <meta name='ocr-system' content='tesseract 3.04.00' />
  <meta name='ocr-capabilities' content='ocr_page ocr_carea ocr_par ocr_line ocrx_word'/>
</head>
<body>
  <div class='ocr_page' id='page_1' title='image "./prolegomenaadho02wolfgoog_0015.png"; bbox 0 0 2944 4900; ppageno 0'>
   <div class='ocr_carea' id='block_1_1' title="bbox 611 280 976 351">
    <p class='ocr_par' dir='ltr' id='par_1_1' title="bbox 611 280 976 351">
     <span class='ocr_line' id='line_1_1' title="bbox 611 280 976 351; baseline -0.022 0"><span class='ocrx_word' id='word_1_1' title='bbox 611 280 976 351; x_wconf 77' lang='lat' dir='ltr'><strong>PROLEGOMENA.</strong></span> 
     </span>
    </p>
   </div>
   <div class='ocr_carea' id='block_1_2' title="bbox 120 603 1466 4346">
    <p class='ocr_par' dir='ltr' id='par_1_2' title="bbox 772 603 825 682">
     <span class='ocr_line' id='line_1_2' title="bbox 772 603 825 682; baseline 0.019 -1"><span class='ocrx_word' id='word_1_2' title='bbox 772 603 825 682; x_wconf 86' lang='grc' dir='ltr'><strong>ΙΙΙ.</strong></span> 
     </span>
    </p>

    <p class='ocr_par' dir='ltr' id='par_1_3' title="bbox 190 786 1466 2913">
     <span class='ocr_line' id='line_1_3' title="bbox 190 786 1383 877; baseline -0.013 -13"><span class='ocrx_word' id='word_1_3' title='bbox 190 821 208 874; x_wconf 75' lang='lat' dir='ltr'><strong>e</strong></span> <span class='ocrx_word' id='word_1_4' title='bbox 326 803 448 865; x_wconf 80' lang='lat' dir='ltr'><strong>Abiecta</strong></span> <span class='ocrx_word' id='word_1_5' title='bbox 470 815 544 877; x_wconf 88' lang='lat' dir='ltr'><strong>ergo</strong></span> <span class='ocrx_word' id='word_1_6' title='bbox 568 811 638 876; x_wconf 91' lang='lat' dir='ltr'><strong>spe,</strong></span> <span class='ocrx_word' id='word_1_7' title='bbox 664 791 729 853; x_wconf 88' lang='lat' dir='ltr'><strong>iore</strong></span> <span class='ocrx_word' id='word_1_8' title='bbox 748 809 891 870; x_wconf 86' lang='lat' dir='ltr'><strong>unquam,</strong></span> <span class='ocrx_word' id='word_1_9' title='bbox 918 796 952 851; x_wconf 90' lang='lat' dir='ltr'><strong>ut</strong></span> <span class='ocrx_word' id='word_1_10' title='bbox 972 786 1135 851; x_wconf 76' lang='lat' dir='ltr'><strong>carminum</strong></span> <span class='ocrx_word' id='word_1_11' title='bbox 1159 787 1383 850; x_wconf 89' lang='lat' dir='ltr'><strong>llomericorum</strong></span> 
     </span>
     <span class='ocr_line' id='line_1_4' title="bbox 224 889 1466 988; baseline -0.014 -21"><span class='ocrx_word' id='word_1_12' title='bbox 224 924 301 988; x_wconf 88' lang='lat' dir='ltr'><strong>quae</strong></span> <span class='ocrx_word' id='word_1_13' title='bbox 326 903 457 986; x_wconf 87' lang='lat' dir='ltr'><strong>primitus</strong></span> <span class='ocrx_word' id='word_1_14' title='bbox 487 898 575 960; x_wconf 86' lang='lat' dir='ltr'><strong>luerit</strong></span> <span class='ocrx_word' id='word_1_15' title='bbox 599 895 710 968; x_wconf 88' lang='lat' dir='ltr'><strong>iorma,</strong></span> <span class='ocrx_word' id='word_1_16' title='bbox 743 893 814 955; x_wconf 90' lang='lat' dir='ltr'><strong>alibi</strong></span> <span class='ocrx_word' id='word_1_17' title='bbox 845 911 931 974; x_wconf 90' lang='lat' dir='ltr'><strong>quam</strong></span> <span class='ocrx_word' id='word_1_18' title='bbox 959 892 989 952; x_wconf 86' lang='lat' dir='ltr'><strong>iu</strong></span> <span class='ocrx_word' id='word_1_19' title='bbox 1016 900 1109 953; x_wconf 91' lang='lat' dir='ltr'><strong>mente</strong></span> <span class='ocrx_word' id='word_1_20' title='bbox 1138 898 1255 963; x_wconf 88' lang='lat' dir='ltr'><strong>nostra,</strong></span> <span class='ocrx_word' id='word_1_21' title='bbox 1293 896 1322 951; x_wconf 89' lang='lat' dir='ltr'><strong>et</strong></span> <span class='ocrx_word' id='word_1_22' title='bbox 1347 889 1382 948; x_wconf 94' lang='lat' dir='ltr'><strong>id</strong></span> <span class='ocrx_word' id='word_1_23' title='bbox 1448 904 1466 944; x_wconf 61' lang='grc' dir='ltr'><strong>ι’</strong></span> 
     </span>
     <span class='ocr_line' id='line_1_5' title="bbox 225 992 1382 1089; baseline -0.016 -19"><span class='ocrx_word' id='word_1_24' title='bbox 225 1007 341 1089; x_wconf 85' lang='lat' dir='ltr'><strong>quidem</strong></span> <span class='ocrx_word' id='word_1_25' title='bbox 364 1004 484 1067; x_wconf 86' lang='lat' dir='ltr'><strong>rudibus</strong></span> <span class='ocrx_word' id='word_1_26' title='bbox 508 998 607 1071; x_wconf 85' lang='lat' dir='ltr'><strong>lineis,</strong></span> <span class='ocrx_word' id='word_1_27' title='bbox 639 996 711 1075; x_wconf 82' lang='lat' dir='ltr'><strong>fingi</strong></span> <span class='ocrx_word' id='word_1_28' title='bbox 741 1003 844 1075; x_wconf 89' lang='lat' dir='ltr'><strong>queat,</strong></span> <span class='ocrx_word' id='word_1_29' title='bbox 882 993 1088 1074; x_wconf 82' lang='lat' dir='ltr'><strong>experiendum</strong></span> <span class='ocrx_word' id='word_1_30' title='bbox 1113 992 1281 1066; x_wconf 81' lang='lat' dir='ltr'><strong>ridebatur,</strong></span> <span class='ocrx_word' id='word_1_31' title='bbox 1317 1011 1382 1072; x_wconf 89' lang='lat' dir='ltr'><strong>quo</strong></span> 
     </span>
     <span class='ocr_line' id='line_1_6' title="bbox 225 1092 1383 1188; baseline -0.018 -14"><span class='ocrx_word' id='word_1_32' title='bbox 225 1127 279 1175; x_wconf 90' lang='lat' dir='ltr'><strong>uos</strong></span> <span class='ocrx_word' id='word_1_33' title='bbox 306 1111 336 1172; x_wconf 92' lang='lat' dir='ltr'><strong>in</strong></span> <span class='ocrx_word' id='word_1_34' title='bbox 369 1102 549 1188; x_wconf 78' lang='lat' dir='ltr'><strong>expoliendis</strong></span> <span class='ocrx_word' id='word_1_35' title='bbox 578 1099 623 1160; x_wconf 91' lang='lat' dir='ltr'><strong>bis</strong></span> <span class='ocrx_word' id='word_1_36' title='bbox 651 1097 778 1161; x_wconf 86' lang='lat' dir='ltr'><strong>aeternis</strong></span> <span class='ocrx_word' id='word_1_37' title='bbox 804 1105 833 1158; x_wconf 89' lang='lat' dir='ltr'><strong>et</strong></span> <span class='ocrx_word' id='word_1_38' title='bbox 860 1096 954 1159; x_wconf 86' lang='lat' dir='ltr'><strong>unicis</strong></span> <span class='ocrx_word' id='word_1_39' title='bbox 980 1093 1082 1158; x_wconf 79' lang='lat' dir='ltr'><strong>Graeci</strong></span> <span class='ocrx_word' id='word_1_40' title='bbox 1108 1095 1220 1174; x_wconf 88' lang='lat' dir='ltr'><strong>ingenii</strong></span> <span class='ocrx_word' id='word_1_41' title='bbox 1244 1092 1383 1172; x_wconf 86' lang='lat' dir='ltr'><strong>reliquiis</strong></span> 
     </span>
     <span class='ocr_line' id='line_1_7' title="bbox 224 1195 1383 1290; baseline -0.016 -16"><span class='ocrx_word' id='word_1_42' title='bbox 224 1210 350 1290; x_wconf 76' lang='lat' dir='ltr'><strong>uestigia</strong></span> <span class='ocrx_word' id='word_1_43' title='bbox 370 1204 549 1287; x_wconf 75' lang='lat' dir='ltr'><strong>antiquitatis</strong></span> <span class='ocrx_word' id='word_1_44' title='bbox 570 1201 716 1262; x_wconf 88' lang='lat' dir='ltr'><strong>ducerent.</strong></span> <span class='ocrx_word' id='word_1_45' title='bbox 758 1199 851 1274; x_wconf 83' lang='lat' dir='ltr'><strong>Quam</strong></span> <span class='ocrx_word' id='word_1_46' title='bbox 872 1215 971 1260; x_wconf 90' lang='lat' dir='ltr'><strong>euram</strong></span> <span class='ocrx_word' id='word_1_47' title='bbox 993 1217 1079 1278; x_wconf 88' lang='lat' dir='ltr'><strong>quum</strong></span> <span class='ocrx_word' id='word_1_48' title='bbox 1093 1198 1168 1258; x_wconf 90' lang='lat' dir='ltr'><strong>inter</strong></span> <span class='ocrx_word' id='word_1_49' title='bbox 1186 1202 1230 1258; x_wconf 86' lang='lat' dir='ltr'><strong>tot</strong></span> <span class='ocrx_word' id='word_1_50' title='bbox 1249 1195 1383 1267; x_wconf 51' lang='lat' dir='ltr'><strong>¹diuersa,</strong></span> 
     </span>
     <span class='ocr_line' id='line_1_8' title="bbox 225 1296 1383 1395; baseline -0.016 -20"><span class='ocrx_word' id='word_1_51' title='bbox 225 1330 304 1395; x_wconf 91' lang='lat' dir='ltr'><strong>quae</strong></span> <span class='ocrx_word' id='word_1_52' title='bbox 324 1309 426 1372; x_wconf 89' lang='lat' dir='ltr'><strong>melior</strong></span> <span class='ocrx_word' id='word_1_53' title='bbox 446 1324 546 1370; x_wconf 88' lang='lat' dir='ltr'><strong>earum</strong></span> <span class='ocrx_word' id='word_1_54' title='bbox 568 1303 724 1366; x_wconf 73' lang='lat' dir='ltr'><strong>illustratio</strong></span> <span class='ocrx_word' id='word_1_55' title='bbox 737 1302 847 1382; x_wconf 88' lang='lat' dir='ltr'><strong>poscit,</strong></span> <span class='ocrx_word' id='word_1_56' title='bbox 867 1302 987 1382; x_wconf 90' lang='lat' dir='ltr'><strong>primam</strong></span> <span class='ocrx_word' id='word_1_57' title='bbox 1006 1310 1034 1364; x_wconf 91' lang='lat' dir='ltr'><strong>et</strong></span> <span class='ocrx_word' id='word_1_58' title='bbox 1048 1301 1170 1362; x_wconf 82' lang='lat' dir='ltr'><strong>manime</strong></span> <span class='ocrx_word' id='word_1_59' title='bbox 1184 1296 1383 1358; x_wconf 86' lang='lat' dir='ltr'><strong>neeessariam</strong></span> 
     </span>
     <span class='ocr_line' id='line_1_9' title="bbox 225 1400 1386 1484; baseline -0.017 -6"><span class='ocrx_word' id='word_1_60' title='bbox 225 1433 290 1479; x_wconf 86' lang='lat' dir='ltr'><strong>esse</strong></span> <span class='ocrx_word' id='word_1_61' title='bbox 310 1429 469 1480; x_wconf 78' lang='lat' dir='ltr'>censerem,</span> <span class='ocrx_word' id='word_1_62' title='bbox 491 1407 547 1468; x_wconf 87' lang='lat' dir='ltr'><strong>bac</strong></span> <span class='ocrx_word' id='word_1_63' title='bbox 568 1405 694 1466; x_wconf 90' lang='lat' dir='ltr'><strong>editione</strong></span> <span class='ocrx_word' id='word_1_64' title='bbox 719 1401 843 1465; x_wconf 82' lang='lat' dir='ltr'><strong>adeam</strong></span> <span class='ocrx_word' id='word_1_65' title='bbox 864 1404 906 1464; x_wconf 89' lang='lat' dir='ltr'><strong>ita</strong></span> <span class='ocrx_word' id='word_1_66' title='bbox 928 1405 1050 1464; x_wconf 90' lang='lat' dir='ltr'><strong>animum</strong></span> <span class='ocrx_word' id='word_1_67' title='bbox 1071 1400 1214 1484; x_wconf 89' lang='lat' dir='ltr'><strong>applicui,</strong></span> <span class='ocrx_word' id='word_1_68' title='bbox 1238 1405 1271 1459; x_wconf 91' lang='lat' dir='ltr'><strong>ut</strong></span> <span class='ocrx_word' id='word_1_69' title='bbox 1292 1416 1386 1463; x_wconf 87' lang='lat' dir='ltr'><strong>accu-</strong></span> 
     </span>
     <span class='ocr_line' id='line_1_10' title="bbox 224 1490 1380 1588; baseline -0.015 -9"><span class='ocrx_word' id='word_1_70' title='bbox 224 1514 343 1578; x_wconf 87' lang='lat' dir='ltr'><strong>ratioris</strong></span> <span class='ocrx_word' id='word_1_71' title='bbox 364 1509 556 1588; x_wconf 90' lang='lat' dir='ltr'><strong>recensionis,</strong></span> <span class='ocrx_word' id='word_1_72' title='bbox 580 1507 660 1567; x_wconf 90' lang='lat' dir='ltr'><strong>cuius</strong></span> <span class='ocrx_word' id='word_1_73' title='bbox 681 1505 795 1567; x_wconf 87' lang='lat' dir='ltr'><strong>modam</strong></span> <span class='ocrx_word' id='word_1_74' title='bbox 813 1524 903 1586; x_wconf 89' lang='lat' dir='ltr'><strong>supra</strong></span> <span class='ocrx_word' id='word_1_75' title='bbox 918 1505 1085 1585; x_wconf 73' lang='lat' dir='ltr'><strong>designavi,</strong></span> <span class='ocrx_word' id='word_1_76' title='bbox 1097 1490 1251 1586; x_wconf 72' lang='lat' dir='ltr'><strong>vspecimen</strong></span> <span class='ocrx_word' id='word_1_77' title='bbox 1271 1501 1380 1562; x_wconf 88' lang='lat' dir='ltr'><strong>darem.</strong></span> 
     </span>
     <span class='ocr_line' id='line_1_11' title="bbox 224 1603 1383 1685; baseline -0.015 -5"><span class='ocrx_word' id='word_1_78' title='bbox 224 1617 259 1680; x_wconf 90' lang='lat' dir='ltr'><strong>ld</strong></span> <span class='ocrx_word' id='word_1_79' title='bbox 284 1611 411 1676; x_wconf 87' lang='lat' dir='ltr'><strong>Homero</strong></span> <span class='ocrx_word' id='word_1_80' title='bbox 431 1607 556 1670; x_wconf 90' lang='lat' dir='ltr'><strong>nondum</strong></span> <span class='ocrx_word' id='word_1_81' title='bbox 574 1607 747 1685; x_wconf 79' lang='lat' dir='ltr'><strong>contigisse,</strong></span> <span class='ocrx_word' id='word_1_82' title='bbox 772 1609 848 1679; x_wconf 84' lang='lat' dir='ltr'><strong>inter</strong></span> <span class='ocrx_word' id='word_1_83' title='bbox 866 1607 995 1669; x_wconf 90' lang='lat' dir='ltr'><strong>eruditos</strong></span> <span class='ocrx_word' id='word_1_84' title='bbox 1018 1614 1138 1669; x_wconf 88' lang='lat' dir='ltr'><strong>constat.</strong></span> <span class='ocrx_word' id='word_1_85' title='bbox 1179 1603 1252 1666; x_wconf 81' lang='lat' dir='ltr'><strong>llam</strong></span> <span class='ocrx_word' id='word_1_86' title='bbox 1271 1604 1383 1664; x_wconf 91' lang='lat' dir='ltr'><strong>instru-</strong></span> 
     </span>
     <span class='ocr_line' id='line_1_12' title="bbox 224 1708 1385 1787; baseline -0.012 -7"><span class='ocrx_word' id='word_1_87' title='bbox 224 1723 383 1779; x_wconf 86' lang='lat' dir='ltr'><strong>mentorum</strong></span> <span class='ocrx_word' id='word_1_88' title='bbox 409 1710 518 1773; x_wconf 90' lang='lat' dir='ltr'><strong>idoneo</strong></span> <span class='ocrx_word' id='word_1_89' title='bbox 547 1725 665 1769; x_wconf 90' lang='lat' dir='ltr'><strong>numero</strong></span> <span class='ocrx_word' id='word_1_90' title='bbox 698 1717 829 1769; x_wconf 84' lang='lat' dir='ltr'><strong>carentes</strong></span> <span class='ocrx_word' id='word_1_91' title='bbox 854 1709 982 1770; x_wconf 89' lang='lat' dir='ltr'><strong>antebac</strong></span> <span class='ocrx_word' id='word_1_92' title='bbox 1010 1708 1136 1770; x_wconf 86' lang='lat' dir='ltr'><strong>editores</strong></span> <span class='ocrx_word' id='word_1_93' title='bbox 1169 1724 1207 1768; x_wconf 91' lang='lat' dir='ltr'><strong>ue</strong></span> <span class='ocrx_word' id='word_1_94' title='bbox 1244 1714 1385 1787; x_wconf 88' lang='lat' dir='ltr'><strong>poterant</strong></span> 
     </span>
     <span class='ocr_line' id='line_1_13' title="bbox 225 1807 1382 1899; baseline -0.01 -20"><span class='ocrx_word' id='word_1_95' title='bbox 225 1817 357 1899; x_wconf 86' lang='lat' dir='ltr'><strong>quidem,</strong></span> <span class='ocrx_word' id='word_1_96' title='bbox 377 1813 403 1875; x_wconf 92' lang='lat' dir='ltr'><strong>si</strong></span> <span class='ocrx_word' id='word_1_97' title='bbox 426 1810 603 1883; x_wconf 78' lang='lat' dir='ltr'><strong>uoluissent,</strong></span> <span class='ocrx_word' id='word_1_98' title='bbox 623 1808 683 1870; x_wconf 86' lang='lat' dir='ltr'><strong>tale</strong></span> <span class='ocrx_word' id='word_1_99' title='bbox 705 1808 855 1870; x_wconf 89' lang='lat' dir='ltr'><strong>consilium</strong></span> <span class='ocrx_word' id='word_1_100' title='bbox 876 1809 965 1870; x_wconf 85' lang='lat' dir='ltr'><strong>inire:</strong></span> <span class='ocrx_word' id='word_1_101' title='bbox 999 1810 1098 1890; x_wconf 83' lang='lat' dir='ltr'><strong>itaque</strong></span> <span class='ocrx_word' id='word_1_102' title='bbox 1119 1807 1304 1890; x_wconf 89' lang='lat' dir='ltr'><strong>plerumque,</strong></span> <span class='ocrx_word' id='word_1_103' title='bbox 1324 1809 1382 1868; x_wconf 88' lang='lat' dir='ltr'><strong>nisi</strong></span> 
     </span>
     <span class='ocr_line' id='line_1_14' title="bbox 225 1909 1381 1994; baseline -0.008 -13"><span class='ocrx_word' id='word_1_104' title='bbox 225 1937 277 1982; x_wconf 87' lang='lat' dir='ltr'><strong>eos</strong></span> <span class='ocrx_word' id='word_1_105' title='bbox 305 1916 382 1979; x_wconf 86' lang='lat' dir='ltr'><strong>lorte</strong></span> <span class='ocrx_word' id='word_1_106' title='bbox 411 1912 517 1994; x_wconf 90' lang='lat' dir='ltr'><strong>aliquis</strong></span> <span class='ocrx_word' id='word_1_107' title='bbox 546 1928 659 1994; x_wconf 90' lang='lat' dir='ltr'><strong>pannus</strong></span> <span class='ocrx_word' id='word_1_108' title='bbox 687 1909 798 1972; x_wconf 86' lang='lat' dir='ltr'><strong>Scbolii</strong></span> <span class='ocrx_word' id='word_1_109' title='bbox 817 1909 880 1971; x_wconf 40' lang='lat' dir='ltr'><strong>*rel</strong></span> <span class='ocrx_word' id='word_1_110' title='bbox 905 1909 1049 1971; x_wconf 82' lang='lat' dir='ltr'><strong>Eustatbii</strong></span> <span class='ocrx_word' id='word_1_111' title='bbox 1080 1910 1224 1975; x_wconf 81' lang='lat' dir='ltr'><strong>codicisue</strong></span> <span class='ocrx_word' id='word_1_112' title='bbox 1252 1911 1381 1972; x_wconf 78' lang='lat' dir='ltr'><strong>uarietas</strong></span> 
     </span>
     <span class='ocr_line' id='line_1_15' title="bbox 225 2012 1381 2096; baseline -0.005 -13"><span class='ocrx_word' id='word_1_113' title='bbox 225 2023 431 2089; x_wconf 78' lang='lat' dir='ltr'><strong>commoveret,</strong></span> <span class='ocrx_word' id='word_1_114' title='bbox 455 2016 560 2078; x_wconf 78' lang='lat' dir='ltr'><strong>obuiae</strong></span> <span class='ocrx_word' id='word_1_115' title='bbox 582 2013 784 2096; x_wconf 79' lang='lat' dir='ltr'><strong>perspicuitati</strong></span> <span class='ocrx_word' id='word_1_116' title='bbox 806 2013 1010 2074; x_wconf 86' lang='lat' dir='ltr'><strong>sententiarum</strong></span> <span class='ocrx_word' id='word_1_117' title='bbox 1031 2029 1133 2075; x_wconf 85' lang='lat' dir='ltr'><strong>secure</strong></span> <span class='ocrx_word' id='word_1_118' title='bbox 1155 2012 1381 2079; x_wconf 67' lang='lat' dir='ltr'><strong>indormiebant;</strong></span> 
     </span>
     <span class='ocr_line' id='line_1_16' title="bbox 223 2114 1383 2196; baseline -0.009 -10"><span class='ocrx_word' id='word_1_119' title='bbox 223 2123 307 2186; x_wconf 78' lang='lat' dir='ltr'><strong>Adeo</strong></span> <span class='ocrx_word' id='word_1_120' title='bbox 329 2121 455 2184; x_wconf 83' lang='lat' dir='ltr'><strong>Homero</strong></span> <span class='ocrx_word' id='word_1_121' title='bbox 474 2117 599 2196; x_wconf 85' lang='lat' dir='ltr'><strong>insignis</strong></span> <span class='ocrx_word' id='word_1_122' title='bbox 622 2135 676 2178; x_wconf 91' lang='lat' dir='ltr'><strong>sua</strong></span> <span class='ocrx_word' id='word_1_123' title='bbox 697 2115 764 2177; x_wconf 88' lang='lat' dir='ltr'><strong>laus</strong></span> <span class='ocrx_word' id='word_1_124' title='bbox 786 2115 958 2183; x_wconf 65' lang='lat' dir='ltr'><strong>tenuitatem„</strong></span> <span class='ocrx_word' id='word_1_125' title='bbox 974 2114 1069 2176; x_wconf 82' lang='lat' dir='ltr'><strong>attulit</strong></span> <span class='ocrx_word' id='word_1_126' title='bbox 1088 2123 1116 2176; x_wconf 89' lang='lat' dir='ltr'><strong>et</strong></span> <span class='ocrx_word' id='word_1_127' title='bbox 1136 2115 1271 2191; x_wconf 86' lang='lat' dir='ltr'><strong>maciem,</strong></span> <span class='ocrx_word' id='word_1_128' title='bbox 1294 2133 1383 2196; x_wconf 88' lang='lat' dir='ltr'><strong>quum</strong></span> 
     </span>
     <span class='ocr_line' id='line_1_17' title="bbox 224 2217 1383 2300; baseline -0.004 -14"><span class='ocrx_word' id='word_1_129' title='bbox 224 2225 276 2286; x_wconf 92' lang='lat' dir='ltr'><strong>alii</strong></span> <span class='ocrx_word' id='word_1_130' title='bbox 294 2224 372 2285; x_wconf 79' lang='lat' dir='ltr'><strong>uitiis</strong></span> <span class='ocrx_word' id='word_1_131' title='bbox 398 2221 458 2281; x_wconf 89' lang='lat' dir='ltr'><strong>suis</strong></span> <span class='ocrx_word' id='word_1_132' title='bbox 482 2220 717 2300; x_wconf 81' lang='lat' dir='ltr'><strong>pinguescerent.</strong></span> <span class='ocrx_word' id='word_1_133' title='bbox 770 2217 969 2298; x_wconf 79' lang='lat' dir='ltr'><strong>Lycophronis</strong></span> <span class='ocrx_word' id='word_1_134' title='bbox 996 2219 1131 2279; x_wconf 88' lang='lat' dir='ltr'><strong>tenebras</strong></span> <span class='ocrx_word' id='word_1_135' title='bbox 1161 2218 1187 2279; x_wconf 89' lang='lat' dir='ltr'><strong>si</strong></span> <span class='ocrx_word' id='word_1_136' title='bbox 1216 2219 1383 2298; x_wconf 89' lang='lat' dir='ltr'><strong>obiecisset,</strong></span> 
     </span>
     <span class='ocr_line' id='line_1_18' title="bbox 224 2317 1383 2403; baseline -0.003 -15"><span class='ocrx_word' id='word_1_137' title='bbox 224 2325 325 2388; x_wconf 90' lang='lat' dir='ltr'><strong>mirum</strong></span> <span class='ocrx_word' id='word_1_138' title='bbox 344 2324 375 2385; x_wconf 92' lang='lat' dir='ltr'><strong>ni</strong></span> <span class='ocrx_word' id='word_1_139' title='bbox 396 2322 423 2383; x_wconf 92' lang='lat' dir='ltr'><strong>ei</strong></span> <span class='ocrx_word' id='word_1_140' title='bbox 450 2321 505 2383; x_wconf 88' lang='lat' dir='ltr'><strong>toti</strong></span> <span class='ocrx_word' id='word_1_141' title='bbox 533 2337 642 2400; x_wconf 78' lang='lat' dir='ltr'><strong>greges</strong></span> <span class='ocrx_word' id='word_1_142' title='bbox 672 2317 836 2380; x_wconf 87' lang='lat' dir='ltr'><strong>baiulorum</strong></span> <span class='ocrx_word' id='word_1_143' title='bbox 863 2318 921 2378; x_wconf 91' lang='lat' dir='ltr'><strong>iam</strong></span> <span class='ocrx_word' id='word_1_144' title='bbox 943 2318 1049 2380; x_wconf 83' lang='lat' dir='ltr'><strong>dudrun</strong></span> <span class='ocrx_word' id='word_1_145' title='bbox 1076 2321 1169 2383; x_wconf 91' lang='lat' dir='ltr'><strong>lucem</strong></span> <span class='ocrx_word' id='word_1_146' title='bbox 1189 2322 1383 2403; x_wconf 86' lang='lat' dir='ltr'><strong>undecunque</strong></span> 
     </span>
     <span class='ocr_line' id='line_1_19' title="bbox 225 2421 1383 2509; baseline -0.003 -19"><span class='ocrx_word' id='word_1_147' title='bbox 225 2430 437 2509; x_wconf 83' lang='lat' dir='ltr'><strong>apportassent</strong></span> <span class='ocrx_word' id='word_1_148' title='bbox 478 2423 544 2486; x_wconf 89' lang='lat' dir='ltr'><strong>Non</strong></span> <span class='ocrx_word' id='word_1_149' title='bbox 567 2439 623 2501; x_wconf 86' lang='lat' dir='ltr'><strong>ego</strong></span> <span class='ocrx_word' id='word_1_150' title='bbox 639 2422 773 2500; x_wconf 91' lang='lat' dir='ltr'><strong>cuiquam</strong></span> <span class='ocrx_word' id='word_1_151' title='bbox 795 2437 908 2492; x_wconf 90' lang='lat' dir='ltr'><strong>eornm,</strong></span> <span class='ocrx_word' id='word_1_152' title='bbox 933 2421 983 2500; x_wconf 86' lang='lat' dir='ltr'><strong>qui</strong></span> <span class='ocrx_word' id='word_1_153' title='bbox 1003 2429 1119 2502; x_wconf 84' lang='lat' dir='ltr'><strong>poetam</strong></span> <span class='ocrx_word' id='word_1_154' title='bbox 1140 2424 1208 2487; x_wconf 89' lang='lat' dir='ltr'><strong>olim</strong></span> <span class='ocrx_word' id='word_1_155' title='bbox 1221 2425 1383 2500; x_wconf 90' lang='lat' dir='ltr'><strong>ediderunt,</strong></span> 
     </span>
     <span class='ocr_line' id='line_1_20' title="bbox 225 2521 1383 2607; baseline -0.002 -16"><span class='ocrx_word' id='word_1_156' title='bbox 225 2529 296 2592; x_wconf 81' lang='lat' dir='ltr'><strong>uitio</strong></span> <span class='ocrx_word' id='word_1_157' title='bbox 325 2533 450 2599; x_wconf 73' lang='lat' dir='ltr'><strong>sertam,</strong></span> <span class='ocrx_word' id='word_1_158' title='bbox 476 2532 534 2587; x_wconf 88' lang='lat' dir='ltr'><strong>tam</strong></span> <span class='ocrx_word' id='word_1_159' title='bbox 559 2543 667 2606; x_wconf 74' lang='lat' dir='ltr'><strong>parumv</strong></span> <span class='ocrx_word' id='word_1_160' title='bbox 689 2521 819 2583; x_wconf 88' lang='lat' dir='ltr'><strong>studiose</strong></span> <span class='ocrx_word' id='word_1_161' title='bbox 847 2522 885 2582; x_wconf 93' lang='lat' dir='ltr'><strong>ab</strong></span> <span class='ocrx_word' id='word_1_162' title='bbox 911 2522 947 2582; x_wconf 88' lang='lat' dir='ltr'><strong>iis</strong></span> <span class='ocrx_word' id='word_1_163' title='bbox 977 2525 1157 2587; x_wconf 81' lang='lat' dir='ltr'><strong>membranas</strong></span> <span class='ocrx_word' id='word_1_164' title='bbox 1188 2534 1217 2589; x_wconf 92' lang='lat' dir='ltr'><strong>et</strong></span> <span class='ocrx_word' id='word_1_165' title='bbox 1238 2527 1383 2607; x_wconf 86' lang='lat' dir='ltr'><strong>reliquias</strong></span> 
     </span>
     <span class='ocr_line' id='line_1_21' title="bbox 225 2623 1386 2709; baseline -0.001 -17"><span class='ocrx_word' id='word_1_166' title='bbox 225 2629 409 2693; x_wconf 86' lang='lat' dir='ltr'><strong>Soboliorum</strong></span> <span class='ocrx_word' id='word_1_167' title='bbox 430 2645 467 2689; x_wconf 83' lang='lat' dir='ltr'><strong>ex</strong></span> <span class='ocrx_word' id='word_1_168' title='bbox 486 2625 668 2689; x_wconf 86' lang='lat' dir='ltr'><strong>bibliothecis</strong></span> <span class='ocrx_word' id='word_1_169' title='bbox 691 2623 868 2705; x_wconf 84' lang='lat' dir='ltr'><strong>conquisitas</strong></span> <span class='ocrx_word' id='word_1_170' title='bbox 891 2642 970 2700; x_wconf 89' lang='lat' dir='ltr'><strong>esse:</strong></span> <span class='ocrx_word' id='word_1_171' title='bbox 1016 2626 1046 2687; x_wconf 94' lang='lat' dir='ltr'><strong>id</strong></span> <span class='ocrx_word' id='word_1_172' title='bbox 1066 2627 1202 2691; x_wconf 76' lang='lat' dir='ltr'><strong>lortunm</strong></span> <span class='ocrx_word' id='word_1_173' title='bbox 1220 2629 1313 2709; x_wconf 87' lang='lat' dir='ltr'><strong>magis</strong></span> <span class='ocrx_word' id='word_1_174' title='bbox 1335 2638 1386 2692; x_wconf 92' lang='lat' dir='ltr'><strong>est</strong></span> 
     </span>
     <span class='ocr_line' id='line_1_22' title="bbox 225 2729 1383 2814; baseline -0.002 -19"><span class='ocrx_word' id='word_1_175' title='bbox 225 2751 312 2814; x_wconf 89' lang='lat' dir='ltr'><strong>quam</strong></span> <span class='ocrx_word' id='word_1_176' title='bbox 336 2730 447 2810; x_wconf 89' lang='lat' dir='ltr'><strong>ingenii</strong></span> <span class='ocrx_word' id='word_1_177' title='bbox 477 2737 527 2792; x_wconf 91' lang='lat' dir='ltr'><strong>aut</strong></span> <span class='ocrx_word' id='word_1_178' title='bbox 555 2730 731 2791; x_wconf 87' lang='lat' dir='ltr'><strong>industriae:</strong></span> <span class='ocrx_word' id='word_1_179' title='bbox 772 2747 936 2809; x_wconf 86' lang='lat' dir='ltr'><strong>quanquam</strong></span> <span class='ocrx_word' id='word_1_180' title='bbox 963 2730 1110 2805; x_wconf 89' lang='lat' dir='ltr'><strong>nonnulli,</strong></span> <span class='ocrx_word' id='word_1_181' title='bbox 1151 2739 1183 2792; x_wconf 88' lang='lat' dir='ltr'><strong>ut</strong></span> <span class='ocrx_word' id='word_1_182' title='bbox 1211 2729 1383 2810; x_wconf 86' lang='lat' dir='ltr'><strong>Berglerus,</strong></span> 
     </span>
     <span class='ocr_line' id='line_1_23' title="bbox 226 2831 1383 2913; baseline -0.003 -15"><span class='ocrx_word' id='word_1_183' title='bbox 226 2836 312 2898; x_wconf 89' lang='lat' dir='ltr'><strong>etiarn</strong></span> <span class='ocrx_word' id='word_1_184' title='bbox 343 2833 458 2894; x_wconf 88' lang='lat' dir='ltr'><strong>oblatas</strong></span> <span class='ocrx_word' id='word_1_185' title='bbox 487 2832 627 2894; x_wconf 88' lang='lat' dir='ltr'><strong>eiusmodi</strong></span> <span class='ocrx_word' id='word_1_186' title='bbox 656 2850 726 2913; x_wconf 89' lang='lat' dir='ltr'><strong>opes</strong></span> <span class='ocrx_word' id='word_1_187' title='bbox 754 2840 943 2912; x_wconf 81' lang='lat' dir='ltr'><strong>spreverunt;</strong></span> <span class='ocrx_word' id='word_1_188' title='bbox 977 2831 1043 2892; x_wconf 90' lang='lat' dir='ltr'><strong>aliis</strong></span> <span class='ocrx_word' id='word_1_189' title='bbox 1075 2842 1185 2909; x_wconf 90' lang='lat' dir='ltr'><strong>autern,</strong></span> <span class='ocrx_word' id='word_1_190' title='bbox 1216 2841 1247 2894; x_wconf 90' lang='lat' dir='ltr'><strong>ut</strong></span> <span class='ocrx_word' id='word_1_191' title='bbox 1271 2834 1383 2896; x_wconf 90' lang='lat' dir='ltr'><strong>Italicis</strong></span> 
     </span>
    </p>

    <p class='ocr_par' dir='ltr' id='par_1_4' title="bbox 160 2933 1385 3835">
     <span class='ocr_line' id='line_1_24' title="bbox 160 2933 1383 3014; baseline 0 -16"><span class='ocrx_word' id='word_1_192' title='bbox 160 2946 163 2952; x_wconf 86' lang='grc'><em>·</em></span> <span class='ocrx_word' id='word_1_193' title='bbox 192 2955 210 3008; x_wconf 83' lang='lat'>9</span> <span class='ocrx_word' id='word_1_194' title='bbox 227 2934 402 3007; x_wconf 91' lang='lat' dir='ltr'><strong>editoribus,</strong></span> <span class='ocrx_word' id='word_1_195' title='bbox 425 2950 524 2994; x_wconf 88' lang='lat' dir='ltr'><strong>earum</strong></span> <span class='ocrx_word' id='word_1_196' title='bbox 544 2933 715 2994; x_wconf 88' lang='lat' dir='ltr'><strong>utendarum</strong></span> <span class='ocrx_word' id='word_1_197' title='bbox 735 2933 860 2994; x_wconf 79' lang='lat' dir='ltr'><strong>facultas</strong></span> <span class='ocrx_word' id='word_1_198' title='bbox 880 2933 911 2993; x_wconf 91' lang='lat' dir='ltr'><strong>in</strong></span> <span class='ocrx_word' id='word_1_199' title='bbox 932 2933 1038 2995; x_wconf 82' lang='lat' dir='ltr'><strong>uicinia</strong></span> <span class='ocrx_word' id='word_1_200' title='bbox 1052 2943 1123 2996; x_wconf 89' lang='lat' dir='ltr'><strong>erat.</strong></span> <span class='ocrx_word' id='word_1_201' title='bbox 1167 2936 1199 2998; x_wconf 92' lang='lat' dir='ltr'><strong>ln</strong></span> <span class='ocrx_word' id='word_1_202' title='bbox 1220 2937 1266 2998; x_wconf 90' lang='lat' dir='ltr'><strong>bis</strong></span> <span class='ocrx_word' id='word_1_203' title='bbox 1282 2939 1383 3014; x_wconf 90' lang='lat' dir='ltr'><strong>rebus,</strong></span> 
     </span>
     <span class='ocr_line' id='line_1_25' title="bbox 225 3034 1383 3122; baseline 0.002 -22"><span class='ocrx_word' id='word_1_204' title='bbox 225 3045 258 3100; x_wconf 94' lang='lat' dir='ltr'><strong>ut</strong></span> <span class='ocrx_word' id='word_1_205' title='bbox 280 3035 357 3110; x_wconf 84' lang='lat' dir='ltr'><strong>dixi,</strong></span> <span class='ocrx_word' id='word_1_206' title='bbox 388 3051 478 3095; x_wconf 89' lang='lat' dir='ltr'><strong>casus</strong></span> <span class='ocrx_word' id='word_1_207' title='bbox 496 3034 669 3097; x_wconf 86' lang='lat' dir='ltr'><strong>dominatur.</strong></span> <span class='ocrx_word' id='word_1_208' title='bbox 714 3035 774 3096; x_wconf 92' lang='lat' dir='ltr'><strong>Sed</strong></span> <span class='ocrx_word' id='word_1_209' title='bbox 796 3035 874 3115; x_wconf 89' lang='lat' dir='ltr'><strong>quod</strong></span> <span class='ocrx_word' id='word_1_210' title='bbox 893 3052 930 3097; x_wconf 93' lang='lat' dir='ltr'><strong>ne</strong></span> <span class='ocrx_word' id='word_1_211' title='bbox 949 3036 1021 3096; x_wconf 88' lang='lat' dir='ltr'><strong>baec</strong></span> <span class='ocrx_word' id='word_1_212' title='bbox 1045 3037 1175 3115; x_wconf 91' lang='lat' dir='ltr'><strong>quidem,</strong></span> <span class='ocrx_word' id='word_1_213' title='bbox 1205 3058 1281 3119; x_wconf 89' lang='lat' dir='ltr'><strong>quae</strong></span> <span class='ocrx_word' id='word_1_214' title='bbox 1302 3041 1383 3122; x_wconf 89' lang='lat' dir='ltr'><strong>apud</strong></span> 
     </span>
     <span class='ocr_line' id='line_1_26' title="bbox 225 3136 1383 3223; baseline 0.002 -21"><span class='ocrx_word' id='word_1_215' title='bbox 225 3138 362 3218; x_wconf 72' lang='lat' dir='ltr'><strong>vulgatos</strong></span> <span class='ocrx_word' id='word_1_216' title='bbox 377 3136 548 3218; x_wconf 83' lang='lat' dir='ltr'><strong>scriptores,</strong></span> <span class='ocrx_word' id='word_1_217' title='bbox 570 3137 776 3200; x_wconf 79' lang='lat' dir='ltr'><strong>Grammaticos</strong></span> <span class='ocrx_word' id='word_1_218' title='bbox 791 3145 819 3200; x_wconf 87' lang='lat' dir='ltr'><strong>et</strong></span> <span class='ocrx_word' id='word_1_219' title='bbox 832 3137 1072 3218; x_wconf 85' lang='lat' dir='ltr'><strong>Lexicograpbos</strong></span> <span class='ocrx_word' id='word_1_220' title='bbox 1091 3140 1122 3200; x_wconf 91' lang='lat' dir='ltr'><strong>in</strong></span> <span class='ocrx_word' id='word_1_221' title='bbox 1138 3150 1272 3223; x_wconf 91' lang='lat' dir='ltr'><strong>promptu</strong></span> <span class='ocrx_word' id='word_1_222' title='bbox 1288 3153 1383 3218; x_wconf 87' lang='lat' dir='ltr'><strong>erant,</strong></span> 
     </span>
     <span class='ocr_line' id='line_1_27' title="bbox 225 3229 1384 3321; baseline 0 -15"><span class='ocrx_word' id='word_1_223' title='bbox 225 3261 280 3306; x_wconf 89' lang='lat' dir='ltr'><strong>nec</strong></span> <span class='ocrx_word' id='word_1_224' title='bbox 299 3248 440 3321; x_wconf 82' lang='lat' dir='ltr'><strong>congesta</strong></span> <span class='ocrx_word' id='word_1_225' title='bbox 462 3242 499 3302; x_wconf 88' lang='lat' dir='ltr'><strong>ab</strong></span> <span class='ocrx_word' id='word_1_226' title='bbox 521 3239 582 3304; x_wconf 89' lang='lat' dir='ltr'><strong>ullo</strong></span> <span class='ocrx_word' id='word_1_227' title='bbox 606 3251 720 3316; x_wconf 86' lang='lat' dir='ltr'><strong>eorum,</strong></span> <span class='ocrx_word' id='word_1_228' title='bbox 741 3256 836 3320; x_wconf 91' lang='lat' dir='ltr'><strong>neque</strong></span> <span class='ocrx_word' id='word_1_229' title='bbox 859 3239 897 3302; x_wconf 96' lang='lat' dir='ltr'><strong>ad</strong></span> <span class='ocrx_word' id='word_1_230' title='bbox 920 3240 1147 3302; x_wconf 71' lang='lat' dir='ltr'><strong>constituendum</strong></span> <span class='ocrx_word' id='word_1_231' title='bbox 1168 3251 1276 3306; x_wconf 84' lang='lat' dir='ltr'><strong>textum</strong></span> <span class='ocrx_word' id='word_1_232' title='bbox 1297 3229 1384 3306; x_wconf 83' lang='lat' dir='ltr'><strong>adbi-</strong></span> 
     </span>
     <span class='ocr_line' id='line_1_28' title="bbox 226 3342 1384 3425; baseline 0.001 -18"><span class='ocrx_word' id='word_1_233' title='bbox 226 3347 288 3408; x_wconf 87' lang='lat' dir='ltr'><strong>bita</strong></span> <span class='ocrx_word' id='word_1_234' title='bbox 308 3352 389 3419; x_wconf 90' lang='lat' dir='ltr'><strong>sunt,</strong></span> <span class='ocrx_word' id='word_1_235' title='bbox 410 3343 442 3404; x_wconf 93' lang='lat' dir='ltr'><strong>id</strong></span> <span class='ocrx_word' id='word_1_236' title='bbox 466 3344 523 3406; x_wconf 91' lang='lat' dir='ltr'><strong>soli</strong></span> <span class='ocrx_word' id='word_1_237' title='bbox 544 3344 742 3425; x_wconf 80' lang='lat' dir='ltr'><strong>negligentiae</strong></span> <span class='ocrx_word' id='word_1_238' title='bbox 764 3360 799 3404; x_wconf 89' lang='lat' dir='ltr'><strong>ac</strong></span> <span class='ocrx_word' id='word_1_239' title='bbox 817 3342 927 3405; x_wconf 80' lang='lat' dir='ltr'><strong>levitati</strong></span> <span class='ocrx_word' id='word_1_240' title='bbox 942 3344 1138 3424; x_wconf 91' lang='lat' dir='ltr'><strong>imputandum</strong></span> <span class='ocrx_word' id='word_1_241' title='bbox 1154 3346 1272 3406; x_wconf 85' lang='lat' dir='ltr'><strong>dixeris.</strong></span> <span class='ocrx_word' id='word_1_242' title='bbox 1306 3345 1384 3408; x_wconf 82' lang='lat' dir='ltr'><strong>Nam</strong></span> 
     </span>
     <span class='ocr_line' id='line_1_29' title="bbox 228 3442 1384 3527; baseline 0.004 -21"><span class='ocrx_word' id='word_1_243' title='bbox 228 3448 293 3527; x_wconf 87' lang='lat' dir='ltr'><strong>quis</strong></span> <span class='ocrx_word' id='word_1_244' title='bbox 321 3446 444 3525; x_wconf 87' lang='lat' dir='ltr'><strong>primum</strong></span> <span class='ocrx_word' id='word_1_245' title='bbox 473 3446 588 3507; x_wconf 81' lang='lat' dir='ltr'><strong>evolvat</strong></span> <span class='ocrx_word' id='word_1_246' title='bbox 621 3442 647 3506; x_wconf 80' lang='lat' dir='ltr'><strong>r.</strong></span> <span class='ocrx_word' id='word_1_247' title='bbox 677 3463 701 3506; x_wconf 89' lang='lat' dir='ltr'><strong>e.</strong></span> <span class='ocrx_word' id='word_1_248' title='bbox 728 3445 915 3525; x_wconf 79' lang='lat' dir='ltr'><strong>Apollonium</strong></span> <span class='ocrx_word' id='word_1_249' title='bbox 930 3444 1113 3527; x_wconf 8' lang='lat' dir='ltr'><strong>*Dyscolurm</strong></span> <span class='ocrx_word' id='word_1_250' title='bbox 1151 3442 1384 3527; x_wconf 80' lang='lat' dir='ltr'><strong>Etymologieum</strong></span> 
     </span>
     <span class='ocr_line' id='line_1_30' title="bbox 227 3543 1385 3626; baseline 0.003 -19"><span class='ocrx_word' id='word_1_251' title='bbox 227 3547 288 3620; x_wconf 65' lang='lat' dir='ltr'><strong>M„</strong></span> <span class='ocrx_word' id='word_1_252' title='bbox 308 3543 495 3624; x_wconf 76' lang='lat' dir='ltr'><strong>Hespcbiam,</strong></span> <span class='ocrx_word' id='word_1_253' title='bbox 523 3548 591 3626; x_wconf 85' lang='lat' dir='ltr'><strong>quin</strong></span> <span class='ocrx_word' id='word_1_254' title='bbox 616 3547 711 3608; x_wconf 89' lang='lat' dir='ltr'><strong>statim</strong></span> <span class='ocrx_word' id='word_1_255' title='bbox 732 3545 853 3620; x_wconf 80' lang='lat' dir='ltr'><strong>uiderit,</strong></span> <span class='ocrx_word' id='word_1_256' title='bbox 882 3544 986 3615; x_wconf 81' lang='lat' dir='ltr'><strong>munitas</strong></span> <span class='ocrx_word' id='word_1_257' title='bbox 1006 3546 1046 3607; x_wconf 92' lang='lat' dir='ltr'><strong>ibi</strong></span> <span class='ocrx_word' id='word_1_258' title='bbox 1066 3547 1204 3611; x_wconf 89' lang='lat' dir='ltr'><strong>lectiones</strong></span> <span class='ocrx_word' id='word_1_259' title='bbox 1226 3558 1255 3611; x_wconf 92' lang='lat' dir='ltr'><strong>et</strong></span> <span class='ocrx_word' id='word_1_260' title='bbox 1272 3546 1385 3611; x_wconf 79' lang='grc' dir='ltr'><strong><em>διττο-</em></strong></span> 
     </span>
     <span class='ocr_line' id='line_1_31' title="bbox 225 3640 1383 3733; baseline 0.007 -24"><span class='ocrx_word' id='word_1_261' title='bbox 225 3640 369 3733; x_wconf 71' lang='grc' dir='ltr'><strong>’γραφίας</strong></span> <span class='ocrx_word' id='word_1_262' title='bbox 397 3647 511 3709; x_wconf 78' lang='lat' dir='ltr'><strong>lateret</strong></span> <span class='ocrx_word' id='word_1_263' title='bbox 554 3657 586 3710; x_wconf 92' lang='lat' dir='ltr'><strong>ut</strong></span> <span class='ocrx_word' id='word_1_264' title='bbox 613 3648 697 3710; x_wconf 89' lang='lat' dir='ltr'><strong>buius</strong></span> <span class='ocrx_word' id='word_1_265' title='bbox 726 3655 805 3710; x_wconf 87' lang='lat' dir='ltr'><strong>certe</strong></span> <span class='ocrx_word' id='word_1_266' title='bbox 833 3649 876 3711; x_wconf 92' lang='lat' dir='ltr'><strong>rei</strong></span> <span class='ocrx_word' id='word_1_267' title='bbox 904 3650 1046 3711; x_wconf 90' lang='lat' dir='ltr'><strong>monitore</strong></span> <span class='ocrx_word' id='word_1_268' title='bbox 1073 3669 1157 3713; x_wconf 91' lang='lat' dir='ltr'><strong>nemo</strong></span> <span class='ocrx_word' id='word_1_269' title='bbox 1185 3660 1294 3733; x_wconf 82' lang='lat' dir='ltr'><strong>egeret</strong></span> <span class='ocrx_word' id='word_1_270' title='bbox 1341 3654 1383 3717; x_wconf 82' lang='lat' dir='ltr'><strong>At</strong></span> 
     </span>
     <span class='ocr_line' id='line_1_32' title="bbox 226 3749 1382 3835; baseline 0.003 -21"><span class='ocrx_word' id='word_1_271' title='bbox 226 3752 344 3814; x_wconf 90' lang='lat' dir='ltr'><strong>minoris</strong></span> <span class='ocrx_word' id='word_1_272' title='bbox 372 3767 480 3831; x_wconf 90' lang='lat' dir='ltr'><strong>operae</strong></span> <span class='ocrx_word' id='word_1_273' title='bbox 507 3757 566 3826; x_wconf 90' lang='lat' dir='ltr'><strong>est,</strong></span> <span class='ocrx_word' id='word_1_274' title='bbox 601 3751 736 3830; x_wconf 75' lang='lat' dir='ltr'><strong>virgulae</strong></span> <span class='ocrx_word' id='word_1_275' title='bbox 764 3749 875 3812; x_wconf 77' lang='lat' dir='ltr'><strong>crudam</strong></span> <span class='ocrx_word' id='word_1_276' title='bbox 908 3752 1023 3813; x_wconf 83' lang='lat' dir='ltr'><strong>diuinae</strong></span> <span class='ocrx_word' id='word_1_277' title='bbox 1050 3751 1157 3828; x_wconf 83' lang='lat' dir='ltr'><strong>fidere,</strong></span> <span class='ocrx_word' id='word_1_278' title='bbox 1190 3754 1312 3835; x_wconf 89' lang='lat' dir='ltr'><strong>siquid</strong></span> <span class='ocrx_word' id='word_1_279' title='bbox 1344 3774 1382 3818; x_wconf 87' lang='lat' dir='ltr'><strong>ea</strong></span> 
     </span>
    </p>

    <p class='ocr_par' dir='ltr' id='par_1_5' title="bbox 208 3852 1381 4142">
     <span class='ocr_line' id='line_1_33' title="bbox 208 3852 1381 3934; baseline 0.003 -18"><span class='ocrx_word' id='word_1_280' title='bbox 208 3855 303 3916; x_wconf 54' lang='lat' dir='ltr'><strong>‘inter</strong></span> <span class='ocrx_word' id='word_1_281' title='bbox 321 3853 414 3933; x_wconf 87' lang='lat' dir='ltr'><strong>ipsam</strong></span> <span class='ocrx_word' id='word_1_282' title='bbox 435 3867 533 3913; x_wconf 88' lang='lat' dir='ltr'><strong>curam</strong></span> <span class='ocrx_word' id='word_1_283' title='bbox 552 3852 655 3915; x_wconf 90' lang='lat' dir='ltr'><strong>edendi</strong></span> <span class='ocrx_word' id='word_1_284' title='bbox 678 3852 798 3931; x_wconf 81' lang='lat' dir='ltr'><strong>offerat,</strong></span> <span class='ocrx_word' id='word_1_285' title='bbox 825 3872 911 3934; x_wconf 89' lang='lat' dir='ltr'><strong>quam</strong></span> <span class='ocrx_word' id='word_1_286' title='bbox 938 3863 1058 3916; x_wconf 88' lang='lat' dir='ltr'><strong>tottam</strong></span> <span class='ocrx_word' id='word_1_287' title='bbox 1086 3858 1206 3920; x_wconf 88' lang='lat' dir='ltr'><strong>tetricae</strong></span> <span class='ocrx_word' id='word_1_288' title='bbox 1229 3857 1381 3920; x_wconf 90' lang='lat' dir='ltr'><strong>doctrinae</strong></span> 
     </span>
     <span class='ocr_line' id='line_1_34' title="bbox 224 3944 1380 4040; baseline 0.005 -24"><span class='ocrx_word' id='word_1_289' title='bbox 224 3955 481 4031; x_wconf 73' lang='lat' dir='ltr'><strong>libros‘tractare,</strong></span> <span class='ocrx_word' id='word_1_290' title='bbox 507 3956 601 4018; x_wconf 89' lang='lat' dir='ltr'><strong>animo</strong></span> <span class='ocrx_word' id='word_1_291' title='bbox 631 3954 668 4016; x_wconf 90' lang='lat' dir='ltr'><strong>ad</strong></span> <span class='ocrx_word' id='word_1_292' title='bbox 695 3973 783 4018; x_wconf 89' lang='lat' dir='ltr'><strong>unum</strong></span> <span class='ocrx_word' id='word_1_293' title='bbox 811 3973 884 4038; x_wconf 92' lang='lat' dir='ltr'><strong>opus</strong></span> <span class='ocrx_word' id='word_1_294' title='bbox 910 3957 1028 4019; x_wconf 85' lang='lat' dir='ltr'><strong>intento.</strong></span> <span class='ocrx_word' id='word_1_295' title='bbox 1083 3944 1181 4034; x_wconf 73' lang='lat' dir='ltr'><strong>Quid?</strong></span> <span class='ocrx_word' id='word_1_296' title='bbox 1218 3959 1297 4040; x_wconf 90' lang='lat' dir='ltr'><strong>quod</strong></span> <span class='ocrx_word' id='word_1_297' title='bbox 1327 3977 1380 4022; x_wconf 91' lang='lat' dir='ltr'><strong>eos</strong></span> 
     </span>
     <span class='ocr_line' id='line_1_35' title="bbox 225 4047 1380 4142; baseline 0.004 -24"><span class='ocrx_word' id='word_1_298' title='bbox 225 4075 262 4119; x_wconf 94' lang='lat' dir='ltr'><strong>ne</strong></span> <span class='ocrx_word' id='word_1_299' title='bbox 282 4055 461 4118; x_wconf 86' lang='lat' dir='ltr'><strong>Eustatbium</strong></span> <span class='ocrx_word' id='word_1_300' title='bbox 482 4055 612 4138; x_wconf 90' lang='lat' dir='ltr'><strong>quidem,</strong></span> <span class='ocrx_word' id='word_1_301' title='bbox 633 4057 680 4117; x_wconf 91' lang='lat' dir='ltr'><strong>cui</strong></span> <span class='ocrx_word' id='word_1_302' title='bbox 694 4074 791 4119; x_wconf 89' lang='lat' dir='ltr'><strong>omnes</strong></span> <span class='ocrx_word' id='word_1_303' title='bbox 804 4055 1051 4140; x_wconf 89' lang='lat' dir='ltr'><strong>interpretationis</strong></span> <span class='ocrx_word' id='word_1_304' title='bbox 1066 4047 1237 4138; x_wconf 84' lang='lat' dir='ltr'><strong>Homericae</strong></span> <span class='ocrx_word' id='word_1_305' title='bbox 1252 4060 1380 4142; x_wconf 87' lang='lat' dir='ltr'><strong>palmam</strong></span> 
     </span>
    </p>

    <p class='ocr_par' dir='ltr' id='par_1_6' title="bbox 120 4143 1380 4346">
     <span class='ocr_line' id='line_1_36' title="bbox 120 4143 1380 4240; baseline 0.003 -18"><span class='ocrx_word' id='word_1_306' title='bbox 120 4146 121 4149; x_wconf 24' lang='lat'>¹</span> <span class='ocrx_word' id='word_1_307' title='bbox 225 4161 348 4236; x_wconf 88' lang='lat' dir='ltr'><strong>dabant,</strong></span> <span class='ocrx_word' id='word_1_308' title='bbox 377 4168 465 4225; x_wconf 86' lang='lat' dir='ltr'><strong>totum</strong></span> <span class='ocrx_word' id='word_1_309' title='bbox 488 4168 656 4221; x_wconf 84' lang='lat' dir='ltr'><strong>constanter</strong></span> <span class='ocrx_word' id='word_1_310' title='bbox 672 4160 889 4240; x_wconf 79' lang='lat' dir='ltr'><strong>pervolatesse‚</strong></span> <span class='ocrx_word' id='word_1_311' title='bbox 918 4143 947 4220; x_wconf 91' lang='lat' dir='ltr'><strong>et</strong></span> <span class='ocrx_word' id='word_1_312' title='bbox 979 4178 1055 4240; x_wconf 89' lang='lat' dir='ltr'><strong>quae</strong></span> <span class='ocrx_word' id='word_1_313' title='bbox 1082 4161 1150 4224; x_wconf 87' lang='lat' dir='ltr'><strong>bric</strong></span> <span class='ocrx_word' id='word_1_314' title='bbox 1175 4163 1273 4239; x_wconf 84' lang='lat' dir='ltr'><strong>insunt</strong></span> <span class='ocrx_word' id='word_1_315' title='bbox 1294 4165 1380 4227; x_wconf 91' lang='lat' dir='ltr'><strong>utilia</strong></span> 
     </span>
     <span class='ocr_line' id='line_1_37' title="bbox 225 4260 1230 4346; baseline -0.004 -20"><span class='ocrx_word' id='word_1_316' title='bbox 225 4263 421 4346; x_wconf 82' lang='lat' dir='ltr'><strong>excerpsisse,</strong></span> <span class='ocrx_word' id='word_1_317' title='bbox 443 4263 562 4342; x_wconf 82' lang='lat' dir='ltr'><strong>quaeris</strong></span> <span class='ocrx_word' id='word_1_318' title='bbox 583 4260 753 4343; x_wconf 87' lang='lat' dir='ltr'><strong>Rbapsodia</strong></span> <span class='ocrx_word' id='word_1_319' title='bbox 774 4263 880 4342; x_wconf 78' lang='lat' dir='ltr'><strong>arguit,</strong></span> <span class='ocrx_word' id='word_1_320' title='bbox 1000 4282 1004 4288; x_wconf 71' lang='grc'><em>’</em></span> <span class='ocrx_word' id='word_1_321' title='bbox 1227 4272 1230 4275; x_wconf 75' lang='grc'><em>’</em></span> 
     </span>
    </p>
   </div>
   <div class='ocr_carea' id='block_1_3' title="bbox 0 0 1476 4900">
    <p class='ocr_par' dir='ltr' id='par_1_7' title="bbox 0 0 1476 4900">
     <span class='ocr_line' id='line_1_38' title="bbox 0 0 1476 4900; baseline 0 0"><span class='ocrx_word' id='word_1_322' title='bbox 0 0 1476 4900; x_wconf 95' lang='lat' dir='ltr'><strong> </strong></span> 
     </span>
    </p>
   </div>
  </div>
 </body>
</html>
