2976 4900
490 340 863 408 PROLEGOMENA.-
1188 347 1249 414 107

100 531 128 592 iu
147 537 285 602 mentem,
309 535 340 589 ut
362 529 580 592 recentioribus
594 530 653 598 ,bis‘
670 531 778 610 primos
801 531 895 592 statim
916 531 1056 606 Gritluos,
1082 535 1248 613 quinarius

102 633 302 715 appellantur,
332 649 402 692 usos
432 649 512 705 esse,
540 641 629 712 atque
657 649 757 692 earam
789 634 990 695 arrctosltatem
1022 643 1050 695 et
1074 638 1191 699 nomina
1218 640 1248 700 iu

100 735 280 798 bibliothecis
301 729 533 796 Ptolemaeorum
563 733 732 814 qtnuereuda
755 733 946 796 coniicerem..
986 732 1169 800 Notissimum
1196 747 1248 814 est,

101 846 238 918 quantum
261 835 425 918 cupiditatis
449 843 476 897 et
497 853 586 898 carrae
608 837 637 897 hi
658 853 746 914 reges
770 836 960 924 impenderint
982 836 1112 900 inillam
1133 842 1250 902 thesau-

100 959 159 1002 rum
181 959 285 1014 suurn,¹
303 937 459 1002 coemendo
479 937 570 1000 libros
592 938 802 1020 undecunque,
814 955 818 960 ·
831 957 866 1000 ac
886 940 971 1002 modo
993 927 1146 1021 precibus,
1173 960 1249 1005 nanc

25 1035 26 1046 ’
100 1045 141 1116 ui,
169 1061 248 1104 nuuc
274 1037 672 1125 aliis-'modissconqudreudo
695 1041 895 1123 antiquissima
927 1050 955 1102 et
977 1043 1125 1104 rarissima
1152 1053 1249 1106 exem·

100 1146 193 1226 pluria
229 1146 401 1226 scriptorum
430 1141 616 1206 Graecorum.
648 1141 757 1224 ,Ergo
798 1144 823 1206 si
856 1143 933 1206 forte
959 1144 1125 1206 ‘Antimacbi
1142 1146 1247 1223 heres,

100 1251 146 1329 qui
164 1250 321 1312 llomerum
343 1245 527 1308 circumferre
554 1248 584 1308 iu
614 1247 708 1310 animo
732 1256 759 1310 et
784 1259 912 1336 nummos
941 1247 972 1308 in
998 1247 1103 1310 lucidis
1129 1259 1248 1321 amaret,

99 1353 224 1432 codicem
254 1349 399 1415 obtulerat
434 1351 520 1410 manu
547 1348 723 1430 Colophonii
749 1355 854 1429 poetae
883 1349 1100 1430 scriptumest
1129 1351 1248 1429 iugenio

99 1455 156 1516 eius
177 1454 340 1528 elimatum,
362 1450 544 1514 Ptolemaeos
566 1450 644 1512 hand
663 1450 964 1532 dnbie'oupidissimos
981 1460 1123 1533 emptores
1138 1453 1248 1515 haunit.

24 1538 25 1542 ¹
98 1557 140 1619 lta
162 1576 200 1621 ex
222 1555 355 1638 pluribus
376 1555 448 1617 locis
479 1563 507 1616 et
534 1554 653 1615 ortubus
676 1554 898 1630 Alexandriam,
930 1555 1015 1617 etiam
1042 1553 1081 1616 ad
1109 1541 1248 1636 priuatus,

99 1661 249 1741 paullatim
260 1659 434 1722 cuuhrmisse
450 1657 583 1720 uidentur
596 1655 711 1718 codices
725 1655 878 1732 Homerid,
895 1657 1025 1736 legitima
1036 1675 1103 1718 mox
1115 1660 1248 1720 materies

100 1765 269 1827 curiosioris
293 1759 511 1824 emendationis.
563 1756 683 1820 Minime
705 1767 800 1824 autem
826 1760 930 1822 'mirus
953 1768 1012 1835 est,
1041 1761 1066 1821 si
1095 1757 1131 1822 de
1154 1759 1249 1824 multis

101 1885 199 1930 eorum
220 1866 292 1928 nihil
314 1863 395 1926 aliud
419 1861 587 1935 constabat,
618 1861 675 1922 uisi
697 1862 779 1924 ‚uude
801 1864 925 1943 quisquc
947 1863 1033 1926 domu
1062 1872 1152 1937 essct,
1181 1883 1249 1941 nou,

100 1987 118 2030 a
146 1989 205 2050 quo
229 1976 307 2031 esset
332 1969 486 2028 exaratus:
532 1961 597 2037 Qua
623 1964 653 2023 iu
680 1961 858 2028 dubitatione
887 1965 1028 2046 praefecti
1055 1966 1248 2032 bibliothecae
1267 1983 1318 2037 178

100 2071 128 2134 id
153 2093 243 2136 unum
269 2069 381 2132 referre
408 2071 565 2148 potueruut
592 2065 623 2124 iu
637 2055 803 2150 'caratogos
830 2086 915 2143 suos,
952 2068 1079 2130 codicem
1108 2071 1184 2133 hauc
1211 2091 1249 2134 ex

102 2175 193 2249 Chio,¹
209 2175 291 2240 illum
311 2169 464 2244 Massilia,
489 2166 576 2228 alium
594 2164 712 2226 aliunde
732 2167 859 2234 allatum.
909 2169 1020 2234 Eodem
1047 2169 1135 2253 plane
1162 2175 1247 2238 modo

100 2280 186 2344 tradit
216 2279 345 2342 Galenus
371 2255 449 2334 'adeo
487 2287 525 2330 ex
556 2269 678 2362 naribus
714 2268 905 2343 Graecorum,
928 2273 1005 2353 uui,
1023 2271 1061 2334 ad
1087 2274 1249 2360 Aegyptum

23 2353 24 2440 λ
101 2383 294 2465 appulissent,
317 2376 433 2441 ablatos
463 2389 527 2436 esse
550 2371 635 2451 regio
663 2373 745 2460 iusso
765 2373 873 2449 libros,
904 2375 971 2454 qui,
999 2375 1149 2453 confestim
1177 2399 1250 2462 apo-

23 2467 24 2526 3
101 2485 221 2567 graphia
245 2483 329 2545 lactis
360 2487 388 2540 et
417 2476 455 2550 ad
483 2475 614 2537 dominos
643 2475 784 2551 remissis,
812 2478 932 2560 repositi
962 2488 1059 2542 essent
1084 2481 1115 2541 in
1143 2503 1250 2563 magna

101 2587 276 2649 bibliotheca
294 2589 361 2645 'num
380 2583 435 2642 huc
457 2577 662 2658 inscriptione,
690 2577 783 2640 ΤΩΝ
805 2579 868 2640 ΕΙ(
892 2578 1081 2646 ΠΛΟΙΩΝ
1092 2579 1144 2662 Ψ).
1196 2587 1250 2650 Gai

102 2688 183 2749 titulo
208 2685 280 2766 quid
298 2685 419 2748 similius
442 2690 486 2742 est
506 2699 591 2762 quam
612 2682 675 2754 hic,
695 2701 753 2762 quo
775 2683 915 2746 editiones
933 2683 1003 2746 illac
1022 2693 1172 2768 notantur,
1193 2690 1254 2750 Al

23 2839 24 2856 ι
101 2790 160 2850 ΕΚ
181 2785 393 2862 ΠΟΛΕΩΝ,
416 2783 478 2844 ΑΙ
496 2781 602 2843 ΑΠΟ
623 2782 839 2846 ΠΟΛΕΩΝῗ

206 2892 318 2968 Quodsi
337 2891 392 2976 hae
406 2886 546 2948 editiones
568 2886 620 2974 tali
635 2875 720 2950 modo
737 2887 974 2949 discernebantur
995 2887 1034 2968 ab,
1054 2887 1107 2962 iis,
1130 2901 1250 2969 quarum

104 2996 161 3057 nuti
184 3002 267 3056 eraut
289 3001 440 3065 auctores,
466 2988 584 3052 facilior
612 2989 785 3053 existimatio
814 3000 858 3052 est
886 2990 922 3052 dc
945 2991 1117 3067 aunctoritate
1141 3011 1249 3056 aarum.

138 3245 189 3312 to)
210 3241 325 3296 illustris
342 3243 418 3296 locus
438 3248 479 3296 est
499 3244 526 3296 iu
551 3238 669 3296 luistoria‘
694 3242 876 3312 Hippocratici
901 3239 946 3294 lll.
972 3227 1034 3295 libri
1054 3236 1249 3310 lipide'mior'nru

210 3341 251 3397 ap.
273 3325 400 3381 Galeuuur
422 3327 567 3382 Commeat.
592 3326 626 3379 ad
651 3327 723 3380 illum
750 3327 847 3380 librum
874 3322 980 3396 ὑπόμν.
1006 3331 1031 3391 β.
1048 3317 1087 3394 p.
1114 3333 1174 3384 411.
1202 3330 1250 3383 iul.

210 3414 242 3468 Τ.
263 3411 294 3470 V.
309 3411 397 3467 :Babil
418 3409 581 3482 Φιλότιμον
597 3411 665 3484 περὶ
685 3413 779 3479 βιβλία
794 3409 845 3466 τόν
864 3429 892 3463 τε
906 3414 1025 3476 βασιλέα
1039 3417 1085 3477 τῆς
1098 3412 1252 3484 Αἰγύπτου

127 3554 130 3564 ,
210 3502 398 3571 Πτολεμαῖον
427 3494 501 3550 οὕτω
528 3499 666 3566 γενίσθιιι
690 3501 795 3568 φασὶν,
823 3495 860 3556 ὥς
884 3499 932 3549 καὶ
955 3502 1011 3552 τῶν
1032 3497 1252 3557 καταπλεόντων

211 3580 348 3638 ἁπάντων
369 3579 403 3636 cui
423 3584 519 3652 βιβλία
538 3583 669 3636 κελεῦσαι
688 3581 764 3656 πρὸς
780 3581 868 3638 αὐτὸν
885 3585 1075 3654 κομίζεσθαι,
1098 3589 1146 3638 καὶ
1166 3592 1252 3640 ταῦτα

212 3675 251 3730 εἰς
272 3664 387 3727 καινοὺς
406 3664 516 3740 χάρτας
542 3662 709 3740 γράφοντα,
739 3667 935 3740 διδόναι-μὲν
959 3665 992 3722 τὰ
1020 3670 1167 3742 γραφέντα
1192 3679 1254 3734 τοῖς

98 3809 102 3820 ,
208 3752 384 3816 δεσπόταις,
414 3741 454 3808 ὧν
481 3749 743 3814 καταπλευσάντων,
767 3755 968 3826 ἐκομίσθησαν
1000 3757 1031 3805 αἱ
1057 3761 1153 3823 βίβλοι
1179 3756 1254 3830 πρὸς

213 3836 316 3902 αὐτόν,
339 3842 379 3897 εἰς
400 3837 431 3890 δὲ
448 3827 498 3897 τᾶς
518 3835 704 3905 βιβλιοθήκας
722 3837 919 3894 ἀποτίθεσθαι
938 3837 971 3892 τὰ
990 3844 1185 3910 κομισθέντα,
1206 3845 1254 3893 καὶ

213 3924 295 3979 εἶναι,
311 3921 360 3986 τὰς
378 3923 544 3999 ἐπιγραίμὰς
568 3920 681 3988 αὐτοῖς,
710 3927 792 3978 ΤΩΝ
816 3911 870 3976 Eis
893 3925 1058 3976 ΠΛΟΙΩΝ,
1095 3919 1147 3979 Ἓν
1172 3924 1204 3978 δέ
1228 3944 1254 3977 τι

213 4006 349 4065 τοιοῦτόν
368 4025 460 4082 φασιν
479 4007 648 4082 εὑρεθῆναι,
676 4011 724 4060 καὶ
741 4007 773 4062 τὸ
795 4012 971 4082 τρίτον-τῶν
994 4004 1171 4078 Ἐπιδημιῶν
1190 4009 1253 4062 ἐπι-

214 4097 433 4170 γεγραμμένον,
474 4099 556 4148 ΤΩΝ
592 4098 647 4145 ΕΚ
676 4094 846 4157 ΠΛΟΙΩΝ,
885 4096 997 4146 ΚΑΤΑ
1025 4093 1258 4170 ΔΙΟΡΘΩΤΙ-ΙΝ

215 4173 425 4236 ΜΕΜΝΟΝΑ
443 4183 621 4232 ΣΙΔΙΤΗΝ.
654 4177 707 4230 Sed
727 4178 856 4248 legendas
872 4184 911 4232 est
925 4182 997 4230 totus
1013 4177 1149 4246 locus,ju
1163 4181 1256 4248 primis

216 4281 336 4335 eaquae
356 4256 519 4335 secuuntur,
547 4264 644 4335 qulbus
668 4265 709 4318 usi
736 4272 797 4318 sunt
821 4266 872 4318 viri
899 4262 972 4316 docti
996 4263 1133 4332 plerique,
1160 4265 1205 4333 oui
1224 4261 1256 4315 de

215 4349 381 4406 bibliotheca
402 4346 584 4406 Alexandrina
603 4352 778 4418 scripserunt.
