2944 4900
201 337 245 407 48
591 335 965 402 uuonncotunttt

202 537 296 594 tarum
329 528 434 592 artium
468 543 559 609 opera
596 531 735 588 memorat
777 523 879 599 molta,
921 525 1063 607 picturam
1103 523 1221 590 nullam.
1284 525 1359 589 Nam

204 635 268 716 quis
295 649 399 695 nomeu
424 630 480 691 boc
510 629 639 710 imponat
664 627 799 690 rubricae
828 627 942 688 nudum
973 636 1023 690 aut
1050 629 1205 710 pigmentis
1234 626 1359 691 caricae

203 736 330 799 mulieris
345 729 405 808 ⁴²),
434 730 563 812 quamuis
586 728 712 810 perillo
734 729 811 791 reris
834 729 954 810 picturis
976 730 1127 811 prolucum
1156 731 1214 792 sit?
1255 730 1359 812 Neque

203 841 320 903 militiae
340 854 434 916 neque
456 834 532 894 domi
552 833 686 893 usitatam
707 831 844 894 heroibus
873 832 963 894 luisse
983 833 1205 914 equitationem,
1232 841 1359 914 utraque

138 929 152 940 N
201 943 315 1030 poesis
321 937 400 1002 clare
421 936 564 1016 loquitur:
607 953 675 996 nam
698 935 876 1014 negligenda
903 935 987 1000 nobis
1018 942 1062 996 est
1083 935 1241 998 auctoritas
1271 937 1358 996 unitus

204 1045 352 1108 cuiusdam
374 1042 431 1104 loci
452 1039 485 1100 ll.
516 1059 543 1098 κ.
568 1038 643 1097 513.
668 1055 732 1116 sqq.
755 1037 888 1118 pluribus
913 1036 1082 1110 decausis:
1127 1037 1179 1100 sed
1200 1037 1359 1100 inauditam

151 1153 184 1208 81
202 1147 329 1211 Homero
357 1163 417 1206 rem
441 1141 535 1206 rideri
557 1138 648 1201 inisse
675 1139 787 1200 minime
814 1140 910 1200 sinunt
936 1137 1134 1202 similitudines
1164 1139 1199 1202 ll.
1226 1158 1255 1200 ο.
1276 1141 1358 1204 ote.

203 1270 268 1332 sqq.
293 1255 322 1311 et
344 1245 447 1327 Odyss.
477 1263 501 1305 c.
523 1245 596 1304 371.
643 1240 719 1303 Usus
750 1261 812 1303 snm
840 1243 884 1304 bis
908 1241 1046 1323 exemplis
1069 1243 1260 1324 potissimum,
1280 1241 1359 1321 'quia

201 1353 365 1416 luculenter
392 1346 561 1420 ostendunt,
594 1343 663 1424 quid
689 1345 765 1406 inter
792 1345 895 1424 ignota
922 1352 950 1405 et
976 1344 1067 1424 uulgo
1095 1347 1205 1408 usitata
1234 1345 1357 1419 intersit,

203 1465 232 1520 et
254 1473 340 1538 quam
362 1450 544 1515 considerate
567 1455 710 1525 cauteque
726 1447 944 1509 coniectandum
965 1447 1002 1509 sit
1024 1447 1234 1529 deprimerem
1255 1447 1359 1509 inuen-

200 1555 310 1621 tio'num
339 1560 368 1616 et
391 1571 501 1615 morum
522 1547 713 1612 successibus.
763 1548 856 1628 Finge
882 1548 974 1627 igitur
1000 1558 1095 1612 uatem
1118 1549 1226 1612 alicubi
1253 1549 1289 1611 de
1310 1550 1359 1610 in-

200 1667 287 1724 uento
309 1655 410 1720 Cadmi
432 1673 484 1717 seu
506 1651 669 1715 Palamedis
693 1649 799 1713 diserte
821 1651 965 1725 loentum,
986 1651 1034 1713 uel
1056 1654 1226 1716 commercia
1247 1653 1359 1735 episto·

201 1764 311 1838 larum,
340 1761 476 1842 primum,
503 1763 534 1816 ut
560 1754 709 1836 plerisque
730 1751 857 1827 uidetur,
886 1753 1076 1817 rudimentum
1102 1755 1262 1829 scribendi,
1289 1763 1359 1816 tau-

202 1885 289 1949 quam
314 1863 463 1942 rulgatam
497 1863 714 1919 contestatum
740 1873 817 1916 esse:
860 1873 926 1917 num
963 1876 1000 1920 ex
1034 1861 1071 1922 co'
1096 1861 1168 1922 catis
1203 1865 1357 1942 appareat,

202 1971 288 2034 etiam
308 1964 455 2029 uolumina
477 1958 641 2021 Garminum
665 1957 753 2018 scribi
775 1945 862 2019 moris
883 1959 997 2024 fuisse?
1368 1969 1371 1974 '

303 2068 362 2132 Sed
385 2065 437 2147 qui
457 2062 515 2125 duo
537 2068 603 2121 sum
625 2059 703 2142 apud
721 2059 876 2138 Homerum
894 2061 969 2136 loci,
991 2063 1022 2123 in
1037 2061 1141 2143 quibus
1156 2060 1248 2123 simile
1269 2060 1358 2141 quid·

202 2173 267 2236 dam
296 2172 458 2254 scripturae
479 2163 641 2246 reperitur,
670 2170 809 2226 accurrate
834 2163 1034 2247 interpretatio
1056 2163 1143 2226 facile
1164 2164 1273 2239 uincet,
1302 2181 1356 2224 eos

200 2296 260 2339 non
286 2275 380 2377 ppgis
413 2271 449 2334 de
479 2267 623 2347 scriptura
654 2264 838 2347 accipiendos
868 2283 949 2341 esse,
983 2285 1069 2347 quam
1103 2264 1246 2328 celebrem
1272 2263 1357 2326 illum

201 2377 350 2442 Ciceronis
367 2367 412 2454 ⁴³)
435 2373 471 2434 de
492 2353 687 2451 typographia
707 2375 817 2431 nosue.
861 2370 957 2450 Atque
976 2363 1121 2432 in'altero
1141 2362 1256 2455 quidem
1275 2365 1357 2444 loco,
1465 2393 1466 2396 ¹

200 2483 235 2546 ll.
257 2501 286 2565 η.
311 2481 383 2541 175.
404 2495 485 2557 sqq,
506 2474 562 2536 cito
577 2477 782 2532 conuenturum
801 2470 928 2534 arbitror
940 2474 1016 2536 inter
1029 2483 1143 2546 omnes,
1164 2469 1235 2532 nibil
1248 2469 1357 2545 inesse,

200 2583 279 2666 quod
317 2579 450 2642 alterutri
482 2575 559 2658 parti
595 2571 736 2655 proiciat.
790 2571 971 2638 Describitur
1001 2575 1043 2637 ibi
1076 2573 1177 2638 modus
1204 2571 1356 2635 'sortiendi

198 2685 306 2749 illustri
327 2681 453 2764 quodam
475 2677 624 2759 exemplo,
651 2674 703 2737 aed
725 2676 782 2750 ita,
811 2685 843 2737 nt
865 2679 954 2740 omnis
981 2679 1111 2740 narratio
1133 2675 1270 2740 reclamet
1277 2715 1285 2750 ‚-
1315 2693 1356 2737 ne

199 2790 322 2852 animum
341 2785 445 2847 subeat
464 2780 603 2861 cogitatio
623 2778 793 2840 litterarum.
837 2779 910 2844 Nam
935 2773 1077 2865 σήματα,
1108 2779 1212 2862 quibos
1232 2765 1357 2841 utuntur

197 2892 317 2963 heroes,
338 2880 529 2969 χαράγματα
549 2900 627 2955 ease,
652 2880 713 2942 siue
732 2881 819 2959 signa
833 2883 1002 2958 arbitraria,
1020 2881 1103 2960 ligno
1124 2881 1172 2944 rel
1193 2881 1245 2943 clii
1256 2881 1356 2945 inutili

197 2993 241 3054 rei
263 2989 379 3063 addita,
402 2986 582 3048 manifestum
603 2990 647 3044 cst
668 2997 705 3044 cx
728 2983 888 3064 eo,1quod
911 3003 992 3059 sors,
1014 3000 1090 3064 quac
1111 2985 1200 3065 galea
1220 2985 1303 3060 exiit,
1334 3005 1355 3048 a

198 3095 391 3156 circumcunte
403 3104 550 3170 praecone
562 3085 718 3166 uuicuique
732 3086 921 3164 agnoscenda
933 3086 1144 3150 demonstratur
1158 3081 1216 3165 ⁴⁴).
1251 3087 1356 3166 Quare

236 3411 286 3479 ⁴2)
300 3409 330 3464 ΙΙ
357 3408 383 3462 d.
410 3409 470 3465 ttt
496 3421 554 3476 sqq.
588 3409 663 3470 Νῆις
692 3403 840 3475 μέλαιναι,
874 3402 1087 3494 μιλτοιιιέρῃαι,
1119 3403 1354 3479 φοινικοπὰρῃιιι

251 3481 254 3488 ’
298 3494 457 3546 notissimae
475 3495 537 3544 suut
555 3503 588 3543 cx
606 3487 695 3544 multis
714 3489 847 3544 uersibus.

234 3579 283 3647 43)
302 3573 340 3630 lic
359 3573 421 3628 Nat.
438 3575 519 3628 licor.
538 3571 577 3636 ll,
594 3577 663 3628 37.

233 3665 283 3731 44)
304 3659 353 3714 llic
370 3657 541 3713 subnotanda
565 3662 606 3710 cst
631 3657 721 3725 paullo
748 3664 810 3716 ante
826 3663 962 3730 promisca
981 3665 1053 3718 ratio
1077 3663 1238 3728 recentioris
1262 3656 1353 3714 Scbo-

279 3745 396 3800 timue
422 3745 449 3796 in
477 3742 541 3796 ch.
566 3741 631 3796 God.
655 3741 685 3794 B.
711 3742 746 3796 ad
776 3757 799 3798 ι.
826 3747 902 3814 183,
937 3746 1255 3810 ιιιιιιιειίιιιιὴοιιιιιιίε.
1289 3742 1353 3800 Nos

296 3845 374 3885 nuum
395 3825 564 3897 alphabetum
586 3826 698 3880 moleste
718 3830 886 3897 quaerimos;
919 3834 965 3887 tlte
981 3839 1023 3886 tot
1039 3830 1120 3886 babet
1137 3832 1261 3894 diuersa,
1281 3835 1354 3898 quot

296 3911 515 3982 tucruutpopuli
536 3907 682 3975 Graeciae,
702 3915 728 3966 tn
750 3927 836 3985 eoque
855 3929 963 3974 causam
984 3915 1072 3980 ridet,
1098 3929 1146 3972 cur
1163 3917 1353 3986 uanoquiaque

294 3999 407 4054 bereum
425 3999 533 4052 nonnisi
549 4011 624 4050 suam
641 4011 745 4050 marum
760 4001 879 4068 eguerit
915 3998 1024 4055 Rectius
1037 3998 1134 4064 dudum
1149 4001 1237 4064 editus
1254 3999 1352 4056 brevia

294 4082 403 4149 Sobel,
430 4082 623 4138 unctioribus
649 4079 674 4134 b.
700 4082 720 4142 l.
740 4082 867 4150 cdoctus,
894 4081 929 4136 οὐ
954 4082 1112 4158 γράμματα
1138 4085 1187 4142 sed
1211 4081 1353 4158 γραμμάς

295 4185 374 4228 τινας
392 4167 509 4238 intelligi
528 4167 610 4222 iubet.
648 4163 753 4236 Optimo
773 4170 899 4237 antiquus
926 4165 1014 4222 Scbol.
1036 4166 1101 4228 (lod.
1124 4167 1157 4225 t.
1182 4170 1217 4223 ad
1238 4184 1266 4224 r.
1287 4169 1352 4227 187.

297 4247 337 4305 Οὐ
357 4248 509 4324 γράμμασι
529 4257 576 4320 τῆς
595 4254 710 4316 λέξειας,
730 4249 791 4306 dtr’
808 4249 966 4325 ἐγχαράξας
983 4258 1103 4326 σημεῖα·
1122 4257 1148 4308 εὶ
1165 4251 1221 4327 γὰρ
1241 4255 1352 4313 κοινῶς

293 4331 400 4406 ᾔδεσαν
415 4333 587 4414 opopanace,
611 4336 670 4392 ἔδει
688 4334 740 4394 τὸν
757 4333 867 4412 κήρυκα
891 4334 1057 4409 ἀναγνῶναι
1075 4340 1124 4394 aci
1149 4334 1216 4400 τοὺς
1234 4333 1350 4403 ἄλλους,
