2944 4900
513 316 883 386 recensuerant.
1227 319 1269 388 tl

112 496 259 578 sidiorum
277 492 357 556 illius
379 491 521 556 culturam
539 493 705 576 impediret;
733 495 866 558 insertas
885 493 997 558 litteras
1018 492 1164 577 proluisse
1185 495 1292 580 ducis·

111 601 221 684 plicis,
250 597 304 660 sed
325 594 455 658 obfuisse
477 595 668 672 discentibus,
695 597 770 661 adeo
793 606 827 660 ot
850 617 927 679 puae
946 600 1072 662 iurando
1096 600 1272 665 medicamen

112 702 272 765 memoriae
293 699 371 761 dicta
392 705 485 776 essct,
510 698 616 769 eadem
642 714 701 759 nou
721 698 861 761 immerito
880 717 960 762 nona
985 701 1047 762 eius
1075 710 1103 763 et
1127 704 1272 784 pernicies

114 807 272 870 diceretur.
323 801 409 880 Quod
439 801 587 880 nermsime
614 799 750 862 monitum
776 819 857 879 esse,
885 803 1100 866 illitteratorum
1128 806 1272 876 hominnm

113 919 145 972 et
184 906 334 971 doetrinae
370 911 489 967 nostrae
524 904 683 985 expertium
719 903 895 985 populorum
931 906 1134 988 contemplatio
1176 908 1271 974 docet.

112 1011 218 1092 Nenpue
241 1009 316 1071 enirn
342 1006 425 1084 nobis
455 1023 528 1086 epus
562 1014 605 1068 est
631 1005 737 1068 afferre
759 1007 922 1086 singularia
944 1009 1100 1090 specimine
1120 1011 1272 1076 validioris
1326 1009 1328 1013 ’

113 1113 288 1186 memoriae,
316 1117 351 1174 nt
374 1096 522 1176 Hortensii
551 1109 695 1184 oratoris,
730 1127 815 1190 quem
844 1109 946 1174 Cicero
972 1119 1076 1174 aarum
1107 1131 1158 1189 ea,
1194 1134 1272 1196 qnae

114 1235 216 1280 secum
246 1219 450 1276 commentatus
481 1220 571 1285 esset,
608 1212 670 1274 siue
706 1212 815 1294 scripto
853 1214 949 1276 omnia
981 1213 1105 1278 reddere
1139 1221 1270 1298 potuisse

113 1319 219 1382 iisdem
246 1315 358 1388 verbis,
386 1314 490 1394 quibos
519 1315 720 1392 cogitavisset,
750 1316 812 1379 sine
838 1323 1009 1396 poetarumr
1032 1325 1090 1379 tum
1118 1312 1271 1400 αὐτοσχε-
1322 1321 1330 1336 ’

114 1413 304 1496 teutonum,
330 1417 380 1496 spui
402 1415 482 1480 Italis
510 1418 761 1500 improuicotorcs
780 1411 937 1492 uocantur,
964 1426 1023 1480 tum
1052 1421 1176 1486 aliorum
1198 1427 1271 1488 mul·

113 1533 229 1596 torum,
256 1537 330 1602 quos
354 1527 484 1594 constat,
513 1521 683 1601 praesertim
705 1519 875 1582 interdictos
895 1539 952 1582 uso
977 1523 1155 1605 scripturae,
1183 1529 1272 1610 plura

115 1627 371 1690 milliarensem
398 1629 427 1682 et
453 1621 558 1684 secisse
577 1623 615 1684 in
643 1623 756 1698 ammo,
793 1630 822 1684 et
848 1625 1003 1688 memoriae
1032 1625 1122 1690 iulixa
1153 1632 1271 1712 saepius

114 1729 279 1812 repetiisse.
323 1724 436 1806 Quippe
458 1741 516 1800 nou
538 1727 650 1802 agimus
673 1727 710 1789 de
731 1727 808 1794 raris
827 1727 997 1808 quibusdam
1019 1729 1165 1794 miraculis
1187 1742 1271 1796 natu-

116 1852 186 1908 rae,
212 1849 310 1894 nerum
330 1827 494 1904 deordies
517 1827 702 1910 dominam.
717 1852 778 1914 per
798 1838 899 1897 totum
915 1832 1011 1892 citam
1038 1832 1109 1896 duic
1129 1838 1273 1900 antara·

116 1936 324 2012 vacandum„
350 1940 386 1992 ut
421 1931 473 1991 uel
491 1941 676 2014 pangerent
709 1932 875 2012 Ouranion,
912 1954 994 2022 puae
1024 1955 1097 1996 mac
1128 1938 1271 2000 canendo
1339 1923 1342 1928 Δ

116 2037 339 2118 divulgarent,
362 2034 413 2096 uel
432 2034 598 2116 diuulgata
620 2035 661 2096 od
686 2037 757 2098 aliis
779 2037 941 2101 discerent.

219 2152 309 2232 Atqui
336 2137 411 2214 tales
441 2151 503 2212 iere
539 2150 654 2213 ordines
684 2151 828 2214 homiuum
858 2155 889 2216 in
918 2152 984 2214 aliis
1012 2169 1129 2236 quoque
1154 2149 1272 2235 populis

116 2257 294 2340 reperimus,
322 2255 401 2338 apud
432 2253 584 2316 fflbraeos
611 2253 751 2333 sciolos,
783 2275 856 2336 quas
887 2257 1000 2332 diouut,
1032 2255 1272 2336 Prophetarum,

116 2369 179 2423 turn
200 2357 387 2438 comederes
406 2357 492 2418 nohis
515 2341 662 2437 Boedas,
688 2355 855 2438 Seouerou,
884 2357 1036 2422 Druidas.
1078 2359 1122 2420 De
1144 2360 1188 2420 his
1205 2359 1274 2439 lqui-

117 2463 186 2526 dem
204 2461 355 2544 postremis
378 2458 491 2522 Gaesar
512 2467 540 2521 et
561 2458 644 2522 Mela
661 2460 792 2523 referunt
808 2456 864 2542 ⁷³),
886 2465 1037 2546 propriam
1060 2479 1159 2524 eorum
1180 2461 1341 2529 inisse103

118 2565 316 2648 disciplinam,
346 2565 376 2626 in
403 2581 463 2643 qua
489 2562 621 2624 nonnulli
649 2563 688 2624 ad
713 2564 831 2626 mosmos
859 2575 955 2628 1anuos
980 2566 1204 2648 permanserint,
1239 2575 1275 2629 ut

115 2677 272 2751 maguam
299 2685 464 2728 nnmerum
493 2684 640 2726 versuum
671 2666 860 2748 ediscerent,
898 2670 1008 2730 litteris
1042 2687 1105 2727 non
1139 2667 1273 2729 mando-

116 2783 223 2834 torum
239 2765 294 2847 ⁷⁴).
327 2767 441 2844 ,Qunam
472 2765 577 2840 uellem
603 2767 745 2831 tantillum
774 2771 857 2832 nohis
886 2771 990 2833 Graeci
1023 2768 1210 2833 tradidissent
1238 2769 1274 2832 dc

116 2875 236 2940 ssibus
257 2881 286 2936 et
305 2870 458 2954 'rhapsodis
480 2869 556 2932 suist
599 2869 672 2932 Nam
701 2878 730 2932 et
752 2873 854 2934 lorum
868 2874 1028 2955 propriam
1048 2871 1193 2952 quandem
1217 2871 1276 2936 dis-

117 2977 257 3062 ciplinam
278 2983 307 3038 ct
327 2974 478 3054 singulare
498 2972 622 3036 studium
641 2973 712 3035 artis
732 2973 838 3051 fuisse,
865 2994 919 3058 pro
942 2983 1088 3059 comperto
1113 2975 1278 3040 hcbeudm
1353 3011 1358 3016 -

117 3083 259 3145 arbitror.
300 3081 367 3158 Age
380 3078 485 3158 iginus,
507 3077 700 3161 rhapsodicac
719 3068 930 3151 διδασκαλίας
944 3079 1074 3152 modum,
1095 3079 1275 3159 antiquitatis
1394 3097 1398 3100 ·

116 3185 250 3252 tenebris
271 3183 472 3254 obscuratum,
501 3179 634 3242 similium
654 3199 751 3242 rernm
777 3182 993 3261 comparatione
1015 3198 1158 3242 eruamus.
1210 3179 1278 3242 nuit

117 3290 166 3364 is,
191 3285 304 3366 siquid
324 3283 425 3357 odeo,
446 3281 536 3355 idem,
559 3283 610 3363 qni
632 3283 682 3344 diu
703 3283 849 3346 adhibitus
871 3291 914 3344 est
933 3283 964 3344 in
983 3288 1141 3356 scena,.et
1161 3281 1283 3359 tragica-

118 3400 152 3454 et
173 3389 298 3463 comica
319 3388 350 3448 in
362 3385 451 3448 uariis
465 3385 621 3465 generibus
642 3385 809 3460 chororum,
832 3385 956 3466 denique
972 3385 1003 3447 iu
1019 3381 1125 3446 scholis
1147 3390 1177 3444 et
1189 3379 1277 3457 ludis,

116 3493 294 3578 priusquam
317 3489 462 3552 scribendi
483 3487 801 3569 legendiqueiacultas
820 3487 911 3568 vulgo
936 3483 1116 3570 frequentari
1130 3491 1283 3568 coeperat.-

163 3825 218 3894 73)
235 3823 284 3879 llis
302 3822 332 3878 Β.
350 3819 381 3878 G.
400 3821 455 3886 Vis
474 3823 514 3878 14.
531 3819 575 3874 hio
591 3818 644 3885 lll,
662 3827 689 3875 2.
784 3858 788 3864 ·

162 3912 218 3980 74)
235 3909 328 3965 Simile
347 3906 520 3980 quiddamst
544 3906 613 3959 alias
635 3917 717 3974 saepe
746 3909 772 3957 et
795 3905 947 3973 nuperrime
974 3902 1007 3957 de
1034 3901 1144 3956 notione
1168 3896 1279 3951 Ossiaui

233 3999 370 4052 narratum
390 3997 431 4046 est
449 4005 467 4044 a
483 3989 514 4046 G.
535 3989 698 4048 Thorntono
717 3990 744 4041 in
762 3987 915 4044 Transaott.
935 3989 966 4041 oi
981 3987 1026 4041 tlne
1044 3987 1158 4042 Americ.
1179 3981 1279 4055 philos.

233 4079 341 4148 Society
368 4084 397 4131 at
423 4074 610 4146 Philadelphiu
635 4072 695 4128 Vol.
721 4069 766 4126 lll
793 4089 819 4142 p.
846 4075 991 4140 s.14.nqq.
1040 4069 1072 4124 lu
1096 4071 1145 4125 illa
1168 4073 1279 4126 untione

233 4167 314 4235 etiam
332 4177 402 4218 nuuc
418 4177 497 4216 senos
517 4175 591 4225 essa,
618 4161 664 4230 qui
688 4163 790 4210 tantam
810 4158 914 4225 copiam
935 4158 1105 4225 antiquorum
1128 4155 1280 4210 Carminium

235 4251 365 4304 memoris
379 4246 563 4312 ,custodirem
589 4251 619 4299 ut
631 4245 831 4300 uelocissimum
857 4237 974 4296 scribam
999 4242 1157 4312 perplures
1176 4252 1280 4296 menses

234 4331 360 4388 distendo
381 4332 522 4404 fatigaturi
539 4336 638 4386 esseut.
