2944 4900
468 323 848 398 PROLEGOMENA.
1195 347 1239 415 49

84 509 159 572 τοτοῖ
175 499 373 592 ἐπιγράφειν
395 528 423 574 τ.
449 514 520 580 187.
543 511 644 580 eadem
670 519 845 598 significatio
869 524 907 586 sit
928 543 1048 592 neoesse
1070 539 1130 608 est,
1157 553 1234 616 quoe
1251 550 1287 606 82

83 611 145 672 olibi
166 613 280 693 ubique
304 619 362 703 est,
387 612 517 678 iodiendi
541 635 594 680 seu
614 619 772 716 scalpendi.
824 627 936 690 Sensus
958 630 1078 694 ulterius
1104 633 1178 711 loci,
1208 632 1234 714 ζ.

85 716 148 776 168.
170 733 259 795 sqp,
287 717 451 798 impeditior
468 719 568 782 iactus,
584 728 628 783 est
649 723 686 784 ab
706 723 758 800 iis,
785 729 836 809 qui
862 749 957 794 morea
984 732 1153 800 Homericos
1175 759 1234 804 non

82 816 185 878 discere
209 819 260 880 οο,
273 819 341 896 illo,
372 820 424 882 sed
445 821 562 884 ineam
583 823 706 901 inferre,
734 837 762 892 ct
782 848 861 909 rege
881 835 1026 898 aocobrdn
1046 839 1085 902 ed
1108 859 1232 908 consue-

81 919 197 982 tudinem
219 922 269 983 soi
287 922 399 988 sacculi
420 931 559 1005 torquere
573 927 716 992 solebant
759 932 803 992 Ac
825 941 903 996 certe
919 936 975 1000 hoe
988 938 1055 1002 loeo
1078 947 1229 1027 otepisto·

81 1019 132 1082 lom
161 1032 334 1105 exspectes,
365 1025 475 1088 inducit
502 1029 712 1108 quodammodo
738 1032 805 1116 ipse
827 1054 890 1109 rese
933 1039 1072 1106 inducunt
1098 1041 1228 1130 σήματα

81 1122 259 1203 (pennescit
282 1123 599 1214 Φοινικικὰ-σήματα
616 1127 796 1220 ltddpoet)
806 1161 821 1216 ,··
838 1139 948 1203 inducit
961 1136 1063 1221 πίναξ
1075 1148 1225 1234 amede,

80 1228 186 1289 tabella
210 1229 500 1328 eomplicotapuci,
522 1235 547 1296 si
569 1235 638 1316 quid
660 1237 824 1317 elegantius
840 1245 973 1323 ουοοήο,
991 1248 1158 1334 adtigeram
1173 1250 1225 1340 ⁴⁵).

77 1326 115 1390 ito
138 1347 209 1392 sero
242 1349 422 1414 magnopere
452 1337 597 1400 mirandus
631 1348 695 1402 erat
724 1359 883 1422 consensus
921 1349 1104 1429 antiquorum
1135 1357 1224 1422 inter·
1240 1368 1275 1424 83

78 1439 194 1510 pretam,
221 1434 275 1513 qni
297 1437 415 1499 verbum
436 1433 570 1524 γράφειν
590 1441 637 1502 hic
658 1459 776 1522 quoque
797 1447 951 1510 voluerunt
971 1468 1036 1514 esse
1048 1451 1223 1538 χαράσσειν

79 1552 97 1595 s.
115 1529 206 1613 ξέειν,
234 1530 366 1620 σήματα
388 1543 488 1603 nedae
509 1543 539 1605 si
558 1533 683 1604 eiiicoioi-
696 1564 782 1624 τινα,
814 1541 935 1614 πίνακα
952 1552 1082 1636 δοοίρυο
1104 1553 1222 1626 σανίδα

78 1653 97 1698 s.
113 1625 323 1722 atdpaeovffi).
364 1640 523 1706 Permirum
545 1654 602 1720 est,
627 1647 761 1728 inqrram,
788 1669 855 1728 eos,
886 1655 936 1735 qni
958 1655 1032 1720 elius
1055 1667 1136 1725 teuto
1157 1671 1218 1726 stu-
1235 1671 1271 1728 et

75 1823 381 1842 Ἦ--ψ-..η

169 1937 213 2006 οἷς
233 1945 420 2004 ἐπεδείκνυτο
441 1947 456 2002 o'
475 1951 585 2024 κλῆρος.
621 1951 685 2008 lie'tn
704 1949 826 2012 Eustatir.
851 1973 877 2026 p.
893 1959 953 2016 674.
972 1962 1016 2016 35.
1061 1961 1102 2020 od
1123 1966 1217 2042 γράμ-

164 2049 241 2102 ματα
263 2032 387 2099 νοητέον
410 2033 440 2096 ἐξ
467 2031 591 2108 ἀνάγκης
614 2035 648 2090 τὰ
675 2042 792 2091 τοιαῦτα
817 2036 943 2112 σήματα,
971 2045 1075 2100 εἴδωλα
1097 2050 1131 2103 δέ
1153 2072 1217 2110 τινα

166 2113 300 2182 ἢδπίῶς
320 2115 518 2190 ίκτυπώματο,
534 2121 566 2177 ἐν
585 2118 766 2194 ὑποκειμένῳ
794 2121 916 2191 εὐτελεῖ,
942 2126 1058 2197 ίιθιδίιρ
1087 2132 1174 2202 τυχὸν
1198 2134 1216 2203 ἢ

164 2203 293 2274 ξυίηφίρι
311 2199 328 2268 ἢ
349 2199 469 2272 τοιούτῳ
489 2209 555 2259 τινί.
1311 2263 1313 2265 ,

110 2283 151 2349 ts)
166 2283 211 2338 Sio
241 2287 303 2340 iere
328 2289 420 2356 optimi
448 2287 536 2360 intpp,
587 2289 761 2364 Frenoogelii
787 2293 923 2366 plerique,
960 2299 1006 2352 des
1037 2300 1130 2356 lette-ee
1156 2303 1215 2358 dieo

164 2371 296 2432 recitem
328 2369 443 2442 Pupius,
472 2389 489 2424 ιι
514 2375 606 2428 ecole'd
623 2377 724 2443 κασίας
752 2377 799 2433 aiii
830 2381 961 2437 similiter.
1006 2381 1089 2446 Quasi
1116 2385 1215 2444 Latine

164 2454 212 2508 ilia
236 2457 264 2508 in
295 2460 369 2510 terto
395 2458 538 2511 vertissent
562 2475 576 2513 e
602 2459 750 2530 Cicerone,
782 2469 828 2520 aut
853 2465 1058 2537 descriptionem
1086 2471 1214 2541 plicatilis

163 2539 273 2595 tabulae
297 2543 474 2612 sumpsissent
499 2557 536 2610 erc,
555 2541 701 2601 Herodian.¹
726 2546 794 2605 liist.
817 2551 843 2614 i,
872 2561 931 2629 η,
958 2555 1029 2624 epod
1053 2572 1130 2626 qoem
1156 2558 1212 2626 VH,

164 2627 192 2682 6.
215 2623 343 2686 πυκνοὺς
368 2631 492 2684 πίνακας
520 2625 672 2683 Politianus
701 2629 770 2692 bene
799 2639 880 2691 vortit
911 2641 1016 2692 litterae
1049 2639 1212 2708 odsipootoo.

164 2707 231 2764 Num
248 2713 330 2764 etiem
349 2707 444 2763 Pollux
467 2708 614 2765 audiendus
632 2715 684 2766 erit
701 2712 753 2780 tv,
780 2724 838 2786 18„
865 2722 911 2776 uhi
936 2725 963 2776 iu
989 2737 1043 2777 ana
1063 2727 1134 2780 serie
1153 2742 1212 2782 cnm

163 2795 361 2849 recentioribus
379 2791 545 2868 τριπτύχοις
560 2801 586 2849 et
601 2797 795 2870 πολυπτύχοις
811 2803 977 2862 Homericum
992 2809 1212 2864 πίνακαοίῐοτιῖ

163 2873 231 2933 Nutu
251 2877 386 2950 Tragici?
419 2881 489 2951 apud
512 2895 579 2950 quus
604 2880 731 2952 leguntur
748 2889 878 2957 σανίδες,
905 2888 1027 2962 πτυχαί,
1055 2891 1211 2963 διαπτυχαί

163 2959 360 3038 γραμμάτων,
379 2972 408 3020 ut
428 2981 470 3035 ap.
490 2961 664 3035 Euripidem,
690 2974 744 3024 turn
763 2973 846 3040 alibi,
870 2981 923 3030 tum
944 2976 1050 3047 Hippoi.
1069 2981 1129 3036 856.
1151 2980 1208 3035 Alo.

162 3052 222 3106 970.
244 3048 370 3113 Scilicet,
390 3055 419 3102 ut
438 3049 505 3103 nihii
525 3050 610 3105 dicam
631 3052 664 3106 do
683 3070 758 3114 more
776 3058 972 3130 Tragioorum‚
992 3077 1076 3118 nouas
1095 3079 1210 3122 consue-

161 3134 268 3189 tudines
289 3137 315 3188 in
333 3132 469 3189 heroicum
488 3150 581 3191 aerum
599 3133 798 3207 transterendi,
823 3145 919 3214 plicari
938 3154 1082 3216 potuerunt
1099 3149 1210 3204 tabulae

163 3222 392 3290 omnitempore,
419 3221 489 3273 sieut
506 3237 556 3274 nos
582 3222 712 3292 plicamus
737 3225 871 3281 chartam:
905 3229 932 3283 id
958 3247 1035 3284 unum
1060 3236 1209 3301 quaeritur,

162 3293 385 3370 anillae'notis
412 3306 563 3362 litterarum
590 3313 616 3360 et
644 3324 710 3362 vera
735 3314 871 3380 scriptura
895 3315 1072 3382 consignatae
1100 3315 1209 3372 fuerint.

161 3385 190 3442 ld
207 3405 259 3443 nos
278 3406 327 3444 neo
344 3389 440 3444 Polior
448 3379 458 3456 ,
476 3406 525 3444 neo
543 3390 729 3460 Herodianus,
749 3410 798 3448 neo
817 3394 929 3467 Tragici
947 3397 1052 3453 docent.

107 3469 148 3540 46)
165 3471 372 3530 decoratissime
393 3473 460 3543 haec
479 3480 650 3548 persequitur
668 3477 788 3533 Eustath.
811 3497 836 3550 p.
854 3487 914 3540 632.
932 3498 991 3554 sqq,
1026 3482 1208 3560 Γραμμάτων

160 3566 263 3631 χρῆσις
283 3560 406 3632 νεωτέρα
426 3561 521 3615 ἐστίν·
545 3557 737 3622 ὠςαύτωςκαὶ
762 3563 794 3618 τὸ
812 3563 916 3628 dicore
939 3575 1044 3643 σημεῖα
1063 3569 1111 3626 διὰ
1127 3593 1207 3646 χρω-

161 3641 261 3714 μάτων
288 3647 433 3708 ίντυποῦν
464 3642 586 3720 ὕστερον
619 3644 748 3722 εὕρητασ
778 3655 825 3708 καὶ
850 3653 866 3720 ἡ
901 3661 957 3710 τῶν
979 3662 1147 3730 χαρταρίων
1177 3659 1209 3712 δὲ

158 3736 243 3804 χρεία
262 3737 314 3784 τοῦ
333 3727 408 3784 κάτω
422 3727 536 3804 χρόνου
561 3727 678 3804 εὕρημα.
724 3737 759 3787 Οἱ
783 3738 817 3789 δέ
842 3755 874 3806 γε
896 3742 1029 3804 παλαιοὶ,
1056 3738 1163 3806 ὁποῖόν
1180 3762 1208 3796 τι

162 3819 207 3868 καὶ
225 3819 256 3870 οί
272 3811 432 3886 Αἰγύπτιοι
449 3815 587 3882 ἐποίουν,
617 3815 715 3878 ζωΐδιά
737 3839 800 3890 τινα
819 3825 1058 3896 ἴερογλυφοῦντες
1082 3829 1129 3878 καὶ
1145 3829 1208 3879 λοι-

161 3899 234 3962 ποὺς
259 3901 291 3956 δὲ
311 3907 493 3975 χαρακτῆρας
518 3907 558 3962 είς
582 3909 728 3974 σημασίαν
753 3896 793 3960 ὧν
818 3909 914 3977 λέγειν
937 3907 1106 3976 ἐβούλοντο,
1134 3907 1208 3964 οὕτω

161 3989 206 4037 καὶ
225 3984 323 4053 αὐτοὶ,
347 3983 424 4042 καθὰ
452 3989 500 4039 καὶ
518 3992 574 4042 τῶν
599 3980 672 4043 τινες
697 3983 819 4064 ὕστερον
837 3998 976 4058 Σκυθῶν,
1003 3992 1164 4066 ἐσήμαινον
1190 3993 1209 4049 ἃ

162 4065 281 4137 ήδελον,
304 4067 408 4125 εἴδωλά
429 4091 492 4128 τινα
510 4074 557 4124 καὶ
575 4071 710 4142 πολυειδῆ
729 4073 879 4147 γραμμικὰ
900 4079 1026 4148 ξέσματα
1044 4077 1207 4154 ἐγγράφον-

162 4170 204 4216 τες
221 4155 286 4224 ἤτοι
303 4153 496 4229 ἐγγλὺφοντες
520 4153 620 4215 πίναξι
645 4155 774 4212 τουτέστι
800 4165 931 4226 σανίσιν,
959 4159 1097 4223 ἀλλοίοις,
1111 4183 1141 4218 τε
1160 4169 1209 4222 καὶ

162 4247 220 4302 ταῖς
237 4243 268 4296 ἐκ
287 4238 398 4305 udices,
425 4243 454 4302 ἐξ
477 4233 517 4298 ὦν
537 4243 566 4292 αἱ
587 4237 741 4313 λεγόμεναι
754 4245 886 4312 πυξίδα.
908 4274 943 4284 -
977 4242 1099 4319 Σήματιί
1118 4267 1208 4322 φησιν

161 4319 394 4401 ἐγκεκολαμμένα
415 4332 516 4384 πίνακι
534 4333 648 4398 πτυκτῷ
667 4334 706 4398 τῷ
724 4325 796 4384 κατὰ
814 4325 865 4398 τὴν
883 4326 1078 4404 ἀρχαιοτάτην
1091 4341 1206 4409 χρῆσιν.

110 4415 183 4466 wolr.
201 4428 291 4480 Proleu.
