2944 4900
209 321 251 390 bd
344 343 347 349 ·
599 325 969 392 ruoubablobrlu.

210 513 315 594 quibus
335 528 473 576 assensus
494 515 661 591 cohibetur,
689 517 803 598 penitus
826 533 863 579 ex
878 514 988 576 raninris
1009 511 1125 575 arebat
1168 509 1261 574 lineet
1281 511 1369 585 euim,
1454 507 1455 522 ³

211 633 270 698 quo
297 623 384 698 pacto
409 615 474 680 ieri
500 620 643 700 potuerit,
675 626 707 681 ut
736 627 818 682 aetas
845 611 964 679 ἀοιδῶν
991 613 1173 697 scriptoriam
1203 621 1294 676 artem
1319 613 1372 675 rel

213 737 273 782 nun
294 717 489 797 desideraret,
511 731 666 803 autequam
685 722 816 784 [imaeue
834 721 953 800 liuguae
968 727 1069 802 aptata
1085 725 1176 791 esset,
1196 716 1259 791 rel,
1279 735 1372 796 quum

137 829 198 890 ,94
214 823 272 885 mm
290 822 349 885 coli
370 824 527 906 coepisset,
549 825 631 905 liguo
653 833 683 888 et
704 825 771 888 aliis
794 823 1011 907 operosioribns
1032 819 1135 882 massis
1155 836 1250 900 aequae
1271 819 1370 882 auimo

214 924 402 1006 relinqueret.
942 942 945 946 ·

743 1095 840 1229 uxor.
957 1076 960 1082 ¹

314 1351 369 1413 llio
389 1367 510 1433 prorsus
532 1350 614 1411 obliti
636 1353 742 1414 somnia
763 1361 864 1414 nostra
884 1362 912 1415 et
933 1351 1141 1424 bibliothecas,
1166 1349 1270 1429 quibus
1294 1367 1372 1412 urnac

218 1452 378 1518 studiorum
397 1451 596 1516 immortalitas
619 1451 748 1529 constat,
776 1453 986 1517 transvolemus
1012 1453 1088 1531 binc,
1106 1453 1137 1513 iu
1159 1451 1218 1512 alia
1238 1460 1373 1534 tempora
1456 1472 1457 1478 ¹

218 1564 247 1618 et
268 1558 300 1622 in
321 1557 408 1620 alium
431 1557 531 1618 orbern
554 1571 663 1630 rerum,
686 1558 735 1618 ubi
757 1565 799 1619 tot
820 1557 955 1631 inuenta,
977 1573 1053 1637 quae
1074 1555 1158 1618 nobis
1177 1553 1310 1617 uidentur
1332 1555 1373 1616 ad

218 1658 305 1722 beate
324 1659 477 1723 urendum
503 1661 672 1720 necessaria
695 1677 774 1734 esse,
803 1679 822 1721 a
851 1659 1031 1743 sapientibus
1061 1657 1190 1721 omnibus
1220 1667 1249 1721 et
1275 1659 1372 1722 stultis

218 1763 443 1843 ignorabantur.
486 1759 584 1834 Quor
621 1761 699 1842 quod
726 1780 763 1823 ne
790 1764 911 1825 nominis
944 1761 1057 1844 quidem
1087 1761 1284 1823 immortalitas
1312 1769 1374 1824 tum

220 1882 384 1945 quenquam
403 1861 552 1944 impellere
570 1864 680 1944 potuit,
710 1873 742 1926 ur
762 1865 788 1926 ei
808 1864 954 1927 duraturis
974 1865 1161 1926 monumentis
1174 1865 1374 1946 prospiceret;

194 1965 309 2047 idque
339 1965 374 2028 de
400 1965 526 2028 Homero
554 1960 691 2043 credere,
721 1974 823 2048 optare
849 1976 908 2044 est,
940 1985 999 2028 non
1026 1965 1110 2028 idem
1132 1966 1240 2031 lacere.
1298 1967 1375 2030 Nam
1457 1959 1458 1974 ¹

220 2067 272 2129 ubi
296 2067 322 2128 is
344 2067 396 2128 tali
420 2067 516 2130 studio
540 2085 573 2130 se
593 2069 686 2130 teneri
708 2069 875 2148 signtumtt
914 2071 962 2130 nbi
987 2069 1196 2150 professionem
1223 2070 1374 2145 aliusmodi,

222 2169 326 2232 celeus
346 2171 441 2252 poetis
462 2178 521 2231 tant
545 2170 738 2251 frequentem,
768 2171 841 2247 edit,
869 2181 920 2235 ant
943 2173 1049 2234 caliido
1072 2171 1255 2236 dissimulati
1300 2174 1375 2237 Gar·

221 2271 345 2334 minibus
373 2272 487 2353 quidem
515 2273 628 2334 scelera
656 2282 684 2335 et
712 2275 867 2356 praeclara
896 2277 1029 2338 facinora
1056 2275 1152 2338 famae
1179 2275 1256 2339 tradi
1284 2295 1376 2360 saepe

221 2373 387 2455 praedicat,
422 2382 454 2435 at
485 2372 561 2435 idem
596 2377 780 2438 nouissimum
808 2377 931 2441 (tarmen
966 2380 1003 2440 ab
1036 2377 1218 2442 audientibus
1252 2382 1377 2446 mumma

224 2475 367 2538 celebrari
389 2477 496 2538 latetur
512 2471 564 2551 56).
616 2477 740 2543 Omnino
762 2492 857 2545 autem
881 2485 951 2546 satis
972 2484 1073 2546 babuit
1091 2481 1146 2544 illa
1163 2491 1262 2558 aetas,
1290 2487 1380 2564 prasi
1458 2499 1459 2502 ’

224 2579 279 2640 sub
305 2579 416 2640 urbice
441 2578 570 2643 ludendo
587 2577 632 2662 ⁵⁷)
662 2591 690 2645 et
720 2583 809 2648 diuini
835 2587 946 2666 ingenii
969 2587 1102 2672 impetum
1130 2585 1294 2666 sequendo,
1327 2607 1378 2652 res

222 2679 431 2762 pulcherrimas
456 2684 582 2764 experiri
610 2693 638 2747 et
664 2685 703 2748 ad
724 2687 847 2751 abarum
869 2689 1091 2752 oblectationem
1119 2689 1260 2771 prodere:
1300 2709 1379 2754 mer-

173 2779 324 2877 oooedenr
349 2780 375 2842 si
403 2802 489 2863 quam
510 2788 607 2868 petiit,
634 2789 754 2871 plausus
782 2793 836 2854 luit
865 2802 893 2856 et
919 2794 985 2856 lans
1013 2794 1178 2875 aequalium
1203 2793 1379 2872 auditorum,

224 2885 367 2965 praemia,
397 2886 423 2946 si
443 2889 537 2968 peltis
560 2890 718 2967 credimus,
745 2897 934 2977 amplissima,
962 2896 1108 2978 longeque
1130 2897 1263 2975 gratiora
1283 2915 1380 2980 papy-

225 3003 313 3046 racea
334 2987 555 3055 immortalitate.
597 2993 709 3056 Etenim
730 3007 840 3077 planta
861 2998 1050 3061 admiratione
1076 3007 1134 3060 tum
1161 3008 1189 3060 et
1217 2999 1272 3082 ipsi
1293 3009 1378 3064 uates

226 3095 255 3148 et
276 3095 377 3149 cantus
399 3106 497 3153 eorum
521 3098 635 3178 excepti
655 3099 726 3176 sint,
757 3109 879 3182 apparot
897 3103 1002 3183 partim
1024 3120 1061 3164 ex
1080 3101 1116 3162 iis
1135 3099 1209 3163 locis
1231 3101 1379 3166 Homerici

225 3188 383 3268 Carminis,
405 3191 456 3254 ubi
476 3195 609 3261 Phemius
629 3210 657 3263 et
675 3187 859 3268 Demodocus
881 3209 1016 3268 canentes
1035 3205 1209 3268 inducuntur
1224 3197 1285 3284 ⁵⁸),
1306 3223 1380 3287 par-

224 3294 273 3357 tim
304 3314 340 3359 ex
363 3297 567 3364 iucundissimo
593 3303 646 3366 illo
676 3323 807 3371 sermone
828 3309 975 3382 Platonis,
1003 3310 1034 3369 in
1063 3327 1121 3390 quo
1148 3305 1181 3372 Io
1211 3308 1379 3390 rbapsudus

223 3415 325 3459 munus
355 3406 383 3460 et
411 3417 527 3464 scenam
555 3421 637 3469 stram
669 3408 813 3474 describit.
868 3412 941 3475 Nam
969 3412 1043 3474 sicut
1076 3411 1123 3474 iric
1157 3418 1220 3472 arte
1249 3411 1379 3492 quadarn

224 3498 340 3560 elicere
365 3518 397 3561 se
417 3501 521 3577 iactat,
549 3515 581 3567 ut
608 3517 670 3572 tota
696 3513 808 3574 tbeatra
837 3531 1011 3595 quocunque
1039 3509 1145 3575 affectu
1167 3514 1314 3592 icantur,
1345 3525 1379 3577 ut

222 3617 300 3662 nunc
327 3599 462 3663 nonnas
489 3605 634 3706 landant,
669 3631 744 3676 nunc
772 3619 863 3679 toruis
892 3615 984 3682 oculis
1013 3616 1263 3698 circumspectant,
1298 3637 1379 3698 nunc

262 3901 312 3966 66)
334 3899 429 3972 odyss.
449 3922 474 3956 α.
492 3906 552 3960 351.

262 3985 312 4055 57)
330 3985 406 4042 Cori.
426 3994 555 4062 egregios
575 4007 669 4048 sersus
690 3993 753 4048 llor.
776 3993 862 4066 Epist.
880 3995 922 4063 ll,
949 4003 1052 4064 1‚.93·
1069 4013 1128 4070 sqq.
1151 3999 1183 4050 iu
1207 4009 1276 4066 quos
1303 4010 1378 4054 oom-

323 4075 447 4126 mcutarii
465 4092 540 4132 usum
561 4079 674 4148 praebet
689 4084 860 4150 sagacissimi
879 4079 972 4136 Garuil
990 4081 1063 4152 Disp.
1075 4081 1257 4148 numum
1274 4076 1381 4149 uesper

326 4159 590 4216 Verscbiedeubes‘tea
608 4168 635 4218 iu
653 4167 704 4218 deu
727 4169 843 4220 Werlsess
860 4159 913 4220 der
930 4169 1045 4220 attentes
1060 4168 1116 4220 aud
1135 4181 1236 4220 seuero
1255 4166 1381 4234 &britl-

322 4244 430 4308 stertet,
447 4250 564 4320 repetita
580 4252 607 4319 ip
627 4250 793 4306 Collectiane
809 4250 884 4322 Llpa.
905 4257 979 4310 1779.

257 4322 308 4394 58)
327 4323 423 4398 Odius.
441 4349 467 4386 c.
486 4335 545 4390 ³26.
565 4349 623 4405 sqq.
643 4341 672 4392 a.
690 4339 734 4392 62.
750 4352 810 4408 sqq.
831 4357 856 4410 ρ.
875 4337 934 4396 518.
953 4351 1012 4408 suo.
1032 4343 1082 4393 ιιι.
1158 4363 1162 4372 ·
