2976 4900
211 347 276 418 1³25
599 337 970 407 P'ROLEGOMBNA.

213 531 393 606 alaainaudi,
423 547 510 612 quam
532 527 738 590 Grammaticus
760 529 937 610 provinciam
957 545 1040 590 snam
1066 542 1204 606 effossus
1227 534 1367 590 ematos-

143 635 195 690 769
213 643 282 702 anm
300 653 370 698 aare
389 633 547 694 inflecteret
568 630 606 692 ad
625 631 750 710 speeiem
774 629 919 710 quandam
944 629 1120 708 analogiae,
1156 637 1184 692 et
1216 631 1246 690 in
1268 631 1363 710 ipsum

212 733 355 804 dominum
377 736 498 814 linguae
520 731 670 794 affectaret
688 732 836 812 imperium
849 725 901 808 ⁷⁸).
952 731 1036 794 nane
1058 732 1198 811 denique,
1227 731 1257 791 icl
1284 731 1367 810 quod

210 841 365 906 identidem
384 834 604 918 computandum
633 840 690 908 est,
720 833 745 892 si
765 833 843 894 forte
871 831 1064 913 exemplaria,
1091 833 1195 913 quibas
1217 833 1364 905 utebatur,

212 943 322 1008 mendis
334 940 486 1021 inquinata
508 944 592 998 erant
614 944 642 996 et
661 935 754 1009 sitim,
778 934 879 1016 qualia
893 931 1035 996 nonnulla
1054 935 1367 1017 paullo-antecogno·

145 1058 198 1113 210
215 1050 305 1112 rimus
320 1039 372 1120 ⁷⁹).
429 1039 541 1102 Numae
565 1039 655 1117 igitur
687 1037 878 1099 absurdarum
915 1038 1051 1113 omnium,
1089 1057 1165 1118 quae
1193 1037 1366 1100 Zenodotea

214 1151 364 1222 dicunntur,
387 1161 462 1204 uuus
486 1143 569 1204 uobis
590 1139 759 1202 Zenodotus
782 1157 850 1201 reus
873 1141 1005 1220 agruim
1029 1132 1105 1204 ciiii

316 1478 375 1520 ram
402 1462 473 1518 κατὰ
497 1460 529 1516 τὸ
560 1456 753 1530 σιωπώμενον
778 1471 832 1510 non
856 1458 1027 1522 custodierit,
1056 1465 1145 1514 notam
1171 1465 1250 1516 etlam
1264 1462 1363 1515 oLat.

316 1548 477 1603 Scholiastis
502 1552 552 1600 eto.
599 1541 665 1596 Nam
695 1543 763 1595 satis
788 1541 836 1594 itta
862 1541 972 1606 docent,
1005 1557 1081 1613 quam
1111 1547 1193 1600 multa
1210 1545 1365 1600 debeamus

228 1637 232 1646 ’
317 1634 520 1697 Grammaticis,
551 1629 690 1683 Zenodota
708 1625 923 1695 posterioribus,
950 1630 996 1698 nui
1021 1627 1210 1692 haecomnia,
1240 1645 1310 1699 qaae
1330 1630 1364 1684 ad

229 1755 231 1760 -
316 1721 515 1792 grammaticam
548 1711 696 1783 ἀκρίβειαν
722 1716 748 1762 et
772 1709 869 1764 bonam
893 1713 1141 1782 interpretationem
1164 1697 1312 1783 spectant,¹
1330 1715 1365 1768 ad

290 1823 293 1830 ·
318 1807 436 1858 rectiora
458 1805 601 1869 praccepta
622 1799 789 1879 revocarunt.
831 1793 873 1868 nc
887 1798 1014 1852 nonrnulla
1033 1799 1139 1852 illorum
1159 1795 1280 1869 proiecto
1300 1816 1364 1870 per-

317 1892 385 1944 mira
401 1892 469 1939 sont
494 1887 520 1936 in
548 1882 664 1941 tiritieo,
691 1883 850 1948 praesertim
876 1895 924 1944 aa,
950 1886 996 1951 qui
1021 1884 1079 1951 ipse
1103 1899 1196 1938 versus
1221 1892 1365 1954 perageret,

316 1975 428 2027 manime
446 1965 555 2041 ciperon
574 1964 719 2037 quaedam,
740 1971 768 2018 ut
787 1965 870 2022 Caini.
888 1973 929 2020 27.
950 1968 1008 2022 1652
1044 1970 1064 2028 ζ.
1081 1971 1123 2024 34,
1159 1987 1184 2024 ν,
1207 1979 1278 2034 172,¹
1295 1987 1364 2042 qua.

316 2059 354 2114 lia
372 2064 461 2110 tamen
480 2067 533 2105 non
552 2057 612 2104 sont
630 2053 657 2104 in
675 2049 761 2103 trihus
776 2047 996 2120 Epigrammatis,
1023 2067 1091 2122 qnae
1111 2053 1167 2110 sub·
1179 2057 1236 2110 eius
1256 2060 1365 2112 nomine

315 2146 420 2197 exstant
439 2143 466 2193 in
486 2135 615 2192 Brunckii
632 2135 784 2198 Analeetis,
810 2135 841 2190 T.
854 2135 887 2189 ll.
907 2151 933 2204 p.
948 2139 991 2190 61.

249 2228 299 2298 78)
316 2226 355 2280 Ex
375 2223 427 2277 lnoo
447 2224 520 2276 tonte
542 2235 664 2274 manasse
684 2220 808 2274 uidentur
828 2235 935 2274 erraras
956 2220 1046 2288 plnres
1064 2236 1097 2274 ex
1115 2221 1317 2290 superioribus,
1338 2232 1366 2278 et

316 2310 344 2364 bi
375 2309 499 2369 maxime,
536 2307 564 2358 in
589 2303 756 2358 declinandis
783 2303 987 2375 pronominibus
1014 2307 1148 2361 commissi
1174 2321 1190 2358 a
1215 2305 1244 2360 Z.
1289 2306 1364 2368 Quos
1476 2363 1477 2378 ,

251 2429 255 2437 ·
317 2409 395 2465 quum
415 2396 510 2446 notam
527 2385 713 2451 scholiastae,
740 2391 886 2447 insolentia
911 2390 952 2442 roi
973 2389 1053 2450 iacit,
1080 2395 1109 2442 nt
1135 2390 1185 2444 lios
1210 2394 1285 2460 ipsas
1304 2396 1363 2462 pri.

315 2492 383 2535 mum
402 2479 496 2548 legens
518 2478 638 2534 manustra
656 2473 759 2541 tingere
780 2480 861 2542 putet.
898 2471 965 2526 Nam
984 2480 1010 2541 β.
1035 2479 1096 2532 239.
1121 2494 1148 2529 r.
1173 2481 1232 2536 384·
1251 2477 1364 2532 madunt

230 2613 234 2620 .
317 2566 390 2619 illum
410 2563 516 2616 dedisse
539 2558 589 2610 ἑοῦ
617 2570 666 2626 pro
686 2560 807 2627 genitivo
831 2562 961 2628 primitiui
980 2562 1147 2629 pronominis
1172 2560 1219 2624 io,
1245 2567 1275 2616 cr.
1301 2571 1364 2621 377,

230 2695 234 2705 .
315 2671 344 2720 χ.
361 2653 422 2704 216.
442 2652 513 2703 νῶϊν
532 2662 582 2714 pro
602 2645 756 2698 accusativo
775 2649 842 2709 vrit,
862 2664 888 2698 a.
907 2649 968 2702 336.
983 2649 1085 2715 ’σφῶϊν
1099 2661 1148 2714 pro
1168 2660 1255 2700 accus.
1275 2651 1362 2716 apim,

315 2755 347 2809 μ,
366 2737 426 2790 366.
446 2736 526 2803 σφῶε
552 2746 602 2799 pre
626 2731 791 2782 nominativo
819 2727 952 2784 seruandae
971 2717 1104 2800 personae
1128 2735 1224 2800 σφῶϊ,
1251 2734 1313 2783 item
1333 2734 1361 2784 in

314 2821 398 2874 tortia
414 2832 533 2887 persona
548 2837 573 2868 u.
593 2821 618 2872 8.
637 2835 662 2868 κ.
682 2817 743 2872 546.
763 2820 841 2886 σφοῖι
859 2831 909 2884 pro
928 2819 1023 2885 σφῶε,
1043 2807 1114 2884 qood
1133 2819 1312 2882 postremum,
1333 2824 1363 2870 ut

232 2933 235 2938 ·
299 2903 420 2959 soldius
440 2905 552 2964 mirera,
570 2913 587 2952 a
601 2899 714 2954 Seleuco
730 2899 872 2969 preliatum
889 2916 920 2954 ao
937 2901 1099 2955 refutatione
1117 2900 1225 2969 dignum
1240 2900 1360 2956 liabitum

315 2997 357 3044 cst
376 2987 410 3042 ab
423 2986 549 3055 Apollon.
568 2985 641 3038 Alex.
661 2984 694 3037 de
714 2983 788 3054 Spnt.
804 2983 840 3042 ll.
861 3003 886 3056 p.
908 2990 964 3042 167.
1002 2981 1205 3054 En‘eademque
1223 2986 1361 3053 discimus,

315 3074 342 3128 ni
359 3071 430 3142 qnod
448 3072 574 3124 varietati
593 3071 619 3122 in
641 3087 671 3120 ω.
685 3070 745 3124 486.
769 3068 865 3139 Odyss.
885 3091 909 3126 r.
929 3073 988 3126 358.
1008 3077 1034 3122 et
1047 3069 1129 3134 alibi,
1146 3076 1201 3123 ‘tum
1217 3069 1360 3128 Amrunonia

295 3179 339 3216 vr.
359 3160 439 3232 ἐμοῖο
461 3162 495 3222 et¹
507 3159 572 3206 σοῖο
591 3152 749 3221 explicando
771 3155 899 3224 prodest,
921 3154 1087 3214 Zenodotum
1102 3159 1257 3223 possessiva
1271 3159 1359 3229 ἐμοῖο

232 3285 249 3298 ..
316 3253 342 3302 et
362 3249 427 3299 σοῖο
448 3241 869 3312 mutasseinprimitina·ipeio
899 3247 1014 3296 etesia.
1058 3240 1126 3295 Vide
1143 3240 1270 3310 Apollas.
1293 3243 1311 3299 l.
1336 3259 1359 3296 a.

233 3383 236 3390 ,
315 3349 342 3402 p.
363 3332 421 3386 165,
438 3329 482 3382 iiiii
503 3326 575 3396 quod
590 3325 654 3382 dicit
673 3321 850 3396 sdrypurpdc
868 3330 898 3381 ti
906 3346 919 3386 ς
937 3332 968 3385 Ζ,
989 3323 1265 3396 ἀναφέρεσθαι,
1278 3327 1360 3395 piano

264 3465 268 3474 .
315 3421 409 3478 docet,
437 3416 585 3483 scripturas
605 3409 776 3467 Zenodoteas
801 3414 853 3466 iarn
877 3411 1071 3466 Antoninorum
1099 3425 1166 3464 aeuo
1194 3411 1360 3482 doctissimis

314 3500 466 3557 bominibus
486 3487 540 3554 non
560 3499 612 3550 nisi
633 3511 666 3550 ex
684 3495 797 3568 aliorum
818 3498 950 3564 excerptis
970 3497 1094 3565 cognitas
1115 3495 1207 3550 luisse.

242 3587 378 3658 79)Pag.
419 3587 476 3640 168.
516 3598 580 3652 sqq„
629 3580 660 3634 ln
698 3581 791 3646 primis
825 3578 877 3636 hue
909 3572 990 3634 reler'
1019 3581 1113 3634 menda
1153 3582 1361 3652 antiquissimae

311 3673 478 3740 scripturae,
500 3669 659 3720 corntinentis
678 3671 704 3716 et
719 3663 892 3731 imperfectae
906 3669 977 3720 notis
995 3665 1162 3732 litterarum,
1181 3674 1235 3720 tum
1253 3671 1359 3722 oscita-

231 3791 236 3798 ·
309 3760 400 3812 iioltttss
415 3752 587 3807 librariorum
608 3755 634 3821 im
650 3747 726 3804 codd.
743 3753 784 3807 eis*
797 3747 908 3821 πράσον
921 3754 1153 3823 γεγραμμένοις,
1172 3767 1240 3821 quos
1255 3751 1359 3806 Strabo

232 3864 237 3871 ·
259 3869 262 3879 ·
310 3842 376 3897 dicit
393 3845 457 3894 noto
476 3838 537 3892 icco
557 3835 628 3894 xttl.
644 3852 673 3904 p·
692 3838 753 3890 609.
770 3835 860 3902 (907.)
896 3832 1047 3891 Posteriari
1065 3839 1160 3905 generi
1176 3836 1361 3892 adscribenda

311 3929 374 3980 sunt
391 3923 463 3980 hard
481 3923 563 3980 dubio
582 3921 677 3980 multa.
693 3933 774 3987 ¹spurcae
801 3935 834 3974 ex
859 3919 922 3974 aliie
941 3919 1020 3976 libris
1046 3923 1074 3974 ia
1094 3922 1162 3974 alias
1185 3921 1248 3976 alim
1265 3925 1360 3975 trans

13 751 15 782 i

13 831 15 888 i

12 1291 15 1348 t

12 1363 15 1498 Ι
317 1399 377 1435 recu
395 1379 444 1438 τὰς
464 1371 698 1447 ἰσοδυναμοὺσας
714 1373 819 1442 iiiam
842 1390 872 1425 π.
888 1376 948 1432 666.
964 1395 995 1446 φ.
1011 1383 1051 1431 17.
1067 1381 1094 1428 tlt
1108 1377 1183 1443 illibi,
1202 1376 1274 1446 qnod
1294 1377 1365 1448 figu—

12 1839 14 1980 i

12 1993 14 2020 n

307 4010 383 4073 lats,
411 4023 481 4064 aune
509 4009 638 4064 bonorem
662 4009 800 4062 namurcen
826 4009 967 4060 lectionum
989 4005 1119 4060 obtinent.
1163 4003 1267 4072 l’rioris¹
1292 4012 1361 4058 sunt

255 4137 258 4143 .
309 4097 520 4162 permutationes
542 4095 682 4161 longorum
702 4097 729 4144 et
749 4090 868 4150 brevium
887 4089 1037 4155 renalium,
1062 4090 1095 4146 de
1115 4089 1212 4162 quibus
1231 4105 1255 4143 r.
1276 4087 1311 4140 ad
1331 4092 1359 4144 t.

278 4230 282 4248 ,
309 4180 367 4236 sot.
386 4179 409 4238 ξ.
426 4181 470 4236 ts.
488 4193 514 4232 σ.
535 4181 596 4234 198.
619 4196 650 4248 (ρ.
679 4183 737 4232 127.
758 4195 789 4244 χ.
808 4173 936 4232 cenauit
954 4190 978 4230 u.
999 4173 1129 4233 Valcken.
1156 4181 1184 4229 ot
1208 4175 1360 4230 uarietates
1474 4177 1475 4200 ¹

304 4263 473 4329 huiuamodi,
501 4262 532 4335 μ’
560 4259 724 4335 εἰρόμενος,
748 4257 941 4334 μειρόμενος,
971 4279 996 4326 η.
1018 4267 1076 4328 1¹27.
1097 4260 1131 4314 ci.
1151 4258 1185 4314 ild
1203 4279 1224 4311 a.
1242 4263 1302 4316 612
1320 4285 1362 4298 --
1474 4313 1475 4320 ,

309 4346 460 4420 ἐξελόμην,
480 4345 511 4408 ie
528 4342 648 4418 ἑλόμην,
668 4365 686 4410 ι,
705 4350 764 4406 130.
783 4373 819 4384 -—
837 4339 993 4410 linituram
1003 4343 1156 4414 diritatem,
1173 4363 1205 4418 μ.
1221 4346 1283 4404 295.
1303 4348 1360 4400 eto.
1474 4371 1475 4414 p
