2944 4900
489 373 858 452 sncnncoucun.
1212 361 1277 450 tr

108 561 286 645 scriptoriam
306 563 467 625 artemiam
487 572 558 642 turn,
581 583 668 654 quam
679 564 734 629 illa
750 566 782 628 in
796 585 852 646 usu
867 574 980 650 essem,
1002 567 1151 648 vulgatam
1164 568 1255 634 lubae

110 667 266 745 colligeret.
318 665 382 728 lloc
403 683 482 746 rago
511 683 621 744 genere
648 667 788 730 sermonis
801 687 875 738 :nou
903 677 947 732 est
965 669 1008 732 ita
1031 670 1257 748 abutendumin

111 767 263 832 serrendo
294 775 438 848 potestate
471 769 695 846 uocabulorum,
731 788 854 850 quorum
888 771 992 851 cuique
1025 789 1081 834 soa
1112 773 1256 853 quaedum

113 871 228 932 bistoric
254 879 313 943 ost,
348 889 424 952 quae
450 889 509 940 non
536 890 574 934 ex
599 873 673 954 ipsis
696 873 817 935 uocibus
845 880 873 936 et
901 873 1112 948 locutionibus,
1138 873 1192 939 sed
1218 893 1255 942 ex

111 983 261 1055 tenposum
282 979 311 1034 ct
333 991 443 1036 morum
462 973 580 1038 aliunde
601 975 721 1054 cognita
741 974 907 1038 conditione
932 975 1047 1058 pendet.
1096 975 1172 1042 illae
1191 977 1256 1058 qui·

109 1077 164 1140 den
185 1077 272 1142 talem
284 1076 488 1158 ,quaestionem
512 1077 550 1139 ad
572 1079 679 1142 exitum
698 1093 759 1140 nou
781 1075 938 1140 adducunt.

636 1301 722 1380 llll·

203 1488 236 1549 ln
255 1488 322 1550 bec.
333 1486 512 1550 dubitatione
533 1487 560 1548 si
580 1487 780 1550 aucus-itatem
801 1493 930 1550 ueterum
951 1485 1098 1566 requiras,
1117 1488 1255 1552 tenebrae
1282 1537 1285 1540 -

113 1599 269 1668 ocmrrcnt
284 1605 447 1652 communes
469 1588 632 1670 «plerisque
662 1588 913 1654 celeberrimarum
945 1588 1049 1650 ardun
1082 1591 1253 1670 originibus.

114 1693 200 1770 Quota
224 1694 301 1756 enim
325 1709 462 1772 quaeque
481 1709 533 1754 ¹ara
560 1699 618 1767 est,
646 1691 694 1754 rel
723 1710 760 1754 ex
784 1691 838 1766 iis,
868 1709 945 1772 quae
971 1707 1064 1772 nuper
1090 1690 1111 1752 i.
1139 1709 1166 1754 e.
1187 1701 1255 1756 ante

114 1795 214 1875 aliquot
242 1793 366 1858 saecula
391 1803 527 1876 repertae
553 1801 634 1869 sunt,
662 1793 743 1856 coins
768 1793 851 1856 initia
879 1801 915 1856 et
926 1794 1102 1856 incrementa
1130 1813 1150 1854 a
1169 1795 1254 1857 bouis

116 1899 270 1962 succubus
299 1887 406 1960 testate
433 1895 587 1976 legemus?
628 1895 719 1975 Atqui
745 1893 835 1958 multo
864 1893 963 1980 plcua
981 1903 1063 1960 vetus
1088 1895 1142 1958 illa
1171 1905 1254 1979 aetas

116 2003 185 2063 nasci
204 2001 277 2065 sidit
305 1999 513 2082 paullatimque
531 2002 697 2078 rigescere,
720 2014 848 2078 quornm
873 1999 971 2061 munia
991 1997 1150 2080 primordia
1168 2003 1255 2081 pauci

116 2105 311 2179 alienarent,
341 2101 493 2178 utilitatem
515 2101 593 2182 apud
614 2109 749 2188 posteros
777 2117 860 2161 nemo
883 2108 1007 2174 emeret.
1056 2100 1131 2164 Sero
1159 2099 1255 2167 autem

117 2223 179 2284 gens
206 2199 308 2270 adulta
338 2205 467 2284 respexit
495 2202 672 2265 incunabula
708 2218 777 2276 sua,
811 2219 898 2280 ιῑιιιωι
929 2202 1067 2280 memoria
1099 2205 1255 2285 primarum

116 2308 299 2370 brendonum
326 2305 418 2384 longo
443 2305 597 2374 intervallo
620 2306 775 2368 obscurata
803 2320 838 2363 ac
869 2301 980 2364 dissoni
1007 2323 1137 2370 rumores
1164 2310 1253 2372 soriis

118 2402 288 2488 opinionibus
311 2414 340 2468 et
366 2407 450 2490 nouis
472 2407 580 2470 fabulis
601 2407 696 2469 locun
718 2404 908 2487 praeberent,
935 2422 989 2466 nec
1013 2398 1198 2472 adhiberetur
1216 2413 1253 2474 ab
1301 2411 1307 2422 “

43 2586 45 2601 ,
116 2509 246 2572 historicis
265 2510 341 2570 baec
363 2499 495 2570 soboba
519 2505 759 2592 philosophandi,
787 2525 847 2588 qua
868 2524 922 2569 nos
949 2508 1061 2586 ingenii
1087 2503 1205 2576 humani
1225 2515 1255 2576 in

42 2674 43 2679 ,
115 2612 190 2672 mbas
209 2608 390 2674 inveniendis
416 2625 593 2690 progressus
623 2618 651 2672 et
672 2627 833 2670 mensuram
858 2609 1077 2690 indagavimus,
1101 2622 1254 2696 postquam

116 2717 200 2776 orbern
220 2725 320 2777 terrae
342 2712 429 2773 latius
445 2713 681 2792 circumspicere,
705 2720 792 2790 atque
813 2710 939 2791 plurium
959 2705 1147 2796 populorum,
1164 2718 1304 2780 similit?

42 2807 43 2863 ἐ
116 2817 184 2880 cnltu
201 2819 280 2885 ritae
301 2814 456 2888 utentium,
479 2815 594 2876 babitus
615 2821 642 2875 et
663 2811 883 2874 consuetudines
907 2805 1077 2896 comparare
1099 2801 1257 2884 didicimus.

116 2919 217 3001 Quippe
236 2937 317 2982 nora
337 2918 410 2979 baec
429 2915 481 2978 lux
500 2924 545 2982 est
558 2921 723 2980 nostrorum
743 2921 917 2994 temporum,
940 2915 1059 2980 Graecis
1076 2930 1186 3000 negata
1207 2932 1276 3005 aut¹

115 3022 245 3084 incuriose
267 3020 375 3082 babitu.
433 3057 438 3068 ·

204 3123 266 3186 Sed
289 3121 443 3184 commodis
465 3122 550 3194 buius
573 3120 829 3200 lucisperpauccs
845 3135 943 3182 eorum
966 3116 1183 3204 fuci'nicincs,
1207 3131 1258 3211 qui

119 3221 216 3289 erudite
241 3227 312 3288 loc‘o
337 3233 465 3287 ueterum
495 3225 531 3286 de
559 3221 725 3284 auctoribus
756 3219 903 3302 alphabeti
934 3223 1038 3286 Graeci
1067 3227 1257 3306 collegerunt.

120 3326 175 3402 Quo
196 3329 304 3392 lectiam
326 3334 384 3402 est,
412 3335 443 3389 ot
464 3326 559 3390 moltis
589 3323 731 3386 derebus
757 3324 832 3383 inter
858 3341 890 3383 se
913 3324 1095 3388 dissendrent
1114 3329 1169 3390 uiri
1187 3348 1259 3408 gra·

117 3429 228 3508 tissimi,
261 3429 414 3512 etpardn
442 3427 600 3490 sententias
625 3443 728 3507 parum
752 3424 919 3505 probabiles
943 3437 1142 3504 sequerentur,
1169 3432 1258 3496 ‘Nam

211 3705 244 3760 τὸ
262 3703 343 3765 §doato
367 3701 545 3755 ‹st-nolant
562 3699 671 3768 ἔλεγον.
715 3696 828 3768 Respuit.
855 3696 983 3771 Γράψαι·
1008 3695 1104 3764 Edere,
1128 3697 1258 3773 χαράξαι,

132 3836 137 3846 ,
212 3787 326 3862 dudm.
358 3779 419 3842 ‘llic
441 3801 505 3839 usca
523 3786 665 3838 nauitesto
684 3781 939 3858 deprehenditur-in
965 3783 1008 3840 bis
1034 3785 1102 3860 locis
1127 3789 1258 3854 omnibus,

146 3887 168 3934 ,“
213 3873 244 3928 ΙΙ.
262 3875 287 3926 d.
307 3877 364 3930 139.
386 3874 411 3922 l.
431 3875 490 3927 388.
508 3887 534 3927 ν.
550 3873 609 3927 55&
631 3891 656 3942 qr·
679 3871 738 3926 599.
754 3889 793 3940 φ.,
807 3873 867 3926 166.
910 3869 1005 3941 Odyss.
1021 3887 1050 3938 χ.
1070 3874 1129 3926 280.
1151 3891 1181 3924 ω.
1197 3876 1258 3927 228.

213 3955 300 4010 Etiam
319 3959 347 4009 in
366 3957 466 4009 castris
482 3955 582 4024 linguis
602 3954 711 4008 uerbum
730 3954 863 4006 scribocdc'
885 3953 1039 4008 scnbrltiem
1056 3954 1156 4024 scalpri
1174 3955 1259 4009 labri·
1334 4008 1336 4012 .

218 4041 252 4095 lis
274 4040 405 4117 similisve
429 4041 707 4111 instrumentissonat.
758 4037 851 4110 Neque
878 4037 944 4094 illud
971 4036 1100 4092 Graccum
1123 4040 1259 4108 significa-
1348 4088 1352 4095 .

217 4127 315 4178 tionem
342 4126 469 4192 piapecdi
500 4122 582 4178 babet
615 4123 687 4194 apud
715 4121 865 4177 llonrerunr.
913 4119 1058 4193 Σημάιων
1086 4128 1172 4178 autem
1203 4129 1260 4180 sive

217 4214 359 4280 appeler,
377 4215 509 4280 quatenos
528 4211 567 4261 ita
586 4213 714 4262 uocantur
729 4207 817 4276 siglae
834 4214 861 4262 et
874 4207 930 4260 clia
945 4207 1101 4274 compendia
1113 4210 1260 4278 scribendi,

218 4295 304 4362 priona
329 4297 448 4365 vestigia
472 4292 590 4348 ostendit
611 4299 687 4348 aetas
706 4292 908 4362 sophistarum
941 4294 968 4346 in
996 4293 1133 4360 prioribus
1157 4302 1260 4363 tempo-

220 4378 293 4436 ribus
312 4394 347 4436 eo
365 4382 455 4450 tnoptc
475 4383 633 4448 quaesieris.
670 4375 738 4433 vico
757 4377 845 4447 lipsii
861 4374 945 4445 Epist.
962 4374 998 4432 ad
1015 4375 1115 4448 Belgas
1133 4377 1160 4446 l,
1178 4385 1220 4434 27.
