2944 4900
479 375 845 442 roccaromana.
1114 458 1118 466 ¹
1192 381 1235 446 no
1351 451 1355 456 ,

112 572 174 628 uates
199 562 306 644 quidem
331 563 394 644 ipsc
425 561 479 624 luit
508 563 716 648 philosophus,
745 583 830 647 quem
858 572 965 628 tanum
991 576 1081 630 artem
1109 581 1235 634 summae

113 669 209 732 actionis
231 685 282 750 per
307 665 446 746 ambages
471 667 667 749 episodioram
697 668 859 732 soluendae
888 669 1077 734 abscondisse
1104 681 1232 736 namant
1252 678 1303 734 125

112 771 167 834 Nam
186 769 379 833 absconditam
399 769 479 831 illam
500 787 566 834 esse
588 780 739 853 opportet,
766 771 1000 853 quandoquidem
1026 782 1145 856 praeter
1165 777 1233 838 Ari-

113 874 218 936 stotelem
238 881 264 934 ct
285 880 353 935 ante
378 889 441 934 eum
461 873 791 955 paucissimisrctcrum
811 874 940 938 sumatur
954 869 1010 960 ⁹¹).
1055 893 1061 904 “

194 976 293 1038 uraris
329 975 376 1036 luic
410 975 442 1036 in
476 976 576 1057 primis
611 976 713 1038 baberi
744 975 830 1040 debet
863 979 1022 1040 auotoritas
1054 978 1233 1060 Cyclicorum

112 1087 235 1161 poctarum
252 1078 450 1158 aliorumque,
480 1080 530 1160 qui
553 1077 678 1140 llamcrc
700 1086 795 1141 aetate
815 1081 940 1162 proximi
958 1081 1083 1144 inerunt.
1135 1083 1234 1150 Pauca

112 1191 173 1257 sunt,
199 1199 270 1262 quae
294 1181 331 1244 de
353 1181 412 1242 illis
436 1189 567 1244 constent
582 1174 644 1258 ⁹²),
676 1183 730 1244 etsi
757 1199 808 1244 eos
838 1199 972 1260 magnam
998 1195 1110 1267 partem
1138 1190 1233 1254 adbuc
1251 1206 1301 1260 126

52 1367 53 1370 Ἴ
112 1283 209 1346 Nonnus
229 1302 290 1346 cum
314 1285 380 1346 aliis
403 1283 583 1367 antiquitatis
610 1282 747 1346 studiosis
772 1285 907 1364 gnaviter
928 1290 1070 1351 tractauit.
1119 1291 1152 1354 ln
1174 1295 1233 1358 illis

111 1389 205 1468 pauca,
231 1405 307 1468 qnae
334 1389 455 1464 samus,
485 1390 541 1450 hoc
573 1395 617 1462 ast
641 1388 763 1450 maxime
790 1388 989 1462 memorabile,
1017 1392 1095 1471 quod
1125 1394 1233 1475 Cyclici

112 1506 187 1552 onnes
209 1491 279 1552 laec
308 1490 462 1554 llomerioa
491 1487 614 1552 artilicia
645 1488 693 1552 uel
719 1508 778 1551 non
806 1489 1084 1569 animaduerterunt,
1122 1497 1169 1560 rel
1194 1503 1232 1564 ab

111 1593 253 1672 aequalibus
275 1593 481 1655 aminiaduersa
508 1591 614 1654 imitari
643 1599 693 1652 aut
723 1591 878 1654 nolurerunt
905 1603 955 1656 aut
986 1614 1044 1658 noa
1067 1606 1232 1681 putuerunt.

109 1695 207 1759 Ebrim·
224 1699 306 1777 legat
334 1696 418 1758 nobis
447 1695 554 1777 aliquis
579 1693 719 1774 epitomas
746 1695 813 1758 illas
848 1695 1021 1778 Cypriorum
1052 1709 1081 1764 et
1110 1703 1233 1770 auorum

110 1802 211 1882 quinque
237 1800 403 1864 Garmiunm
436 1786 648 1880 mper‘edr'tas
664 1793 726 1874 ⁹³),
756 1808 785 1861 et
811 1801 998 1881 experiatur,
1038 1823 1077 1866 an
1115 1807 1144 1868 ia
1170 1809 1233 1873 uflo

109 1920 186 1966 corun
203 1904 369 1986 primarium
389 1903 521 1976 heroum,
550 1909 601 1962 aut
627 1901 792 1981 primariam
815 1903 971 1980 audonem,
1001 1915 1051 1968 aut
1081 1912 1233 1991 repetitam

110 2023 137 2065 cr
152 2007 239 2069 mediis
260 2007 351 2070 rebus
373 2005 584 2092 narrationem,
616 2004 712 2085 qualia
739 2004 771 2064 in
793 2004 924 2086 Odyssea
948 2016 992 2070 est
1007 2003 1069 2088 94),
1096 2016 1232 2094 reperiat.

136 2258 174 2328 91)
190 2257 288 2313 Nonum
314 2259 367 2312 hoc
392 2243 483 2312 ausum
511 2263 567 2322 est,
598 2258 640 2310 eui
671 2253 771 2308 tuendo
802 2270 854 2309 una
882 2256 993 2327 plagula
1027 2274 1081 2313 non
1109 2261 1232 2322 sufficiat.

189 2345 313 2418 Plerique
333 2345 386 2398 sibi
403 2342 430 2395 id
450 2341 609 2409 uidebuntur
628 2357 661 2394 eu
680 2339 793 2423 lloratlo
811 2343 879 2394 satis
893 2343 1012 2398 refutare
1029 2360 1118 2415 posse.
1157 2349 1232 2412 Quod

188 2428 404 2502 quemadmodum
425 2431 479 2482 sint
498 2427 610 2492 lecturi,
640 2429 695 2496 ipsi
715 2425 839 2478 viderint.
877 2423 933 2479 Nos
959 2443 1028 2482 nuno
1052 2430 1234 2491 decennnium·

189 2522 311 2587 opinione
329 2517 499 2584 eatiqrritruis
517 2515 685 2584 quaerimus,
708 2525 777 2580 quae
801 2512 990 2578 cngrnoscanua
1008 2521 1050 2568 est
1067 2532 1099 2571 ex
1115 2525 1233 2594 antiquis

188 2603 270 2674 lntpp.
290 2601 411 2665 Iliados,
441 2615 472 2653 cx
493 2598 626 2653 rhetorum
652 2602 678 2651 et
703 2596 827 2649 similium
854 2598 1015 2664 scriptorum
1043 2600 1119 2659 locis.
1162 2607 1235 2664 llaec

188 2695 273 2744 ourrnia
300 2687 444 2743 coinferunt
472 2685 511 2737 illi
539 2696 649 2736 luccesse
675 2687 730 2743 cst,
765 2686 906 2748 antequam
941 2684 1043 2754 aliquid
1068 2693 1179 2757 grauius
1207 2698 1233 2748 in

189 2791 268 2828 uncam
291 2772 433 2828 aradaeiam
453 2772 582 2824 statuant.
624 2765 738 2818 Omnino
761 2779 824 2817 uero
844 2766 1011 2822 utilissimum
1038 2783 1125 2840 esset,
1150 2779 1234 2834 unde-

189 2874 289 2931 cunque
308 2857 424 2911 collecta
443 2869 521 2909 unurn
548 2854 573 2904 in
600 2850 685 2902 locum
712 2847 831 2914 babere,
862 2865 931 2920 quae
957 2855 983 2906 ln
1013 2854 1090 2910 libris
1116 2867 1233 2916 veterum

100 2957 106 2966 ·
188 2945 228 2998 nol
248 2950 399 3015 praecepta
418 2942 451 2996 de
470 2947 529 2994 arte
550 2938 674 3007 poetica,
700 2935 744 2989 nel
761 2933 864 2988 iudicia
884 2938 917 2990 de
938 2941 1025 3007 poetis
1043 2944 1100 2998 saio
1120 2949 1235 3014 sparsim

191 3030 328 3100 legantur.
371 3029 505 3084 [locarent
531 3039 580 3088 ca,
606 3025 634 3076 ul
663 3022 757 3084 lallor,
786 3035 843 3074 eum
872 3027 1000 3092 optimis,
1026 3043 1094 3098 quaa
1121 3039 1235 3100 exstant,

193 3116 366 3172 Carminibus
385 3117 557 3182 campanula,
577 3125 654 3177 quoru
673 3124 735 3160 soro
756 3109 855 3158 Gracci
872 3109 901 3159 iu
918 3113 996 3176 puisi
1022 3115 1164 3170 didicerint
1181 3129 1236 3173 to.

190 3207 257 3252 tuna
274 3215 432 3268 ponere,
451 3212 483 3250 ac
501 3213 534 3250 na
556 3191 693 3247 Horatium
712 3189 834 3261 quidem,
856 3195 901 3261 qul
920 3195 984 3247 illud
1005 3203 1154 3269 praecipit,
1179 3208 1236 3257 cius

192 3287 333 3353 praecepti
352 3283 458 3338 eosdem
476 3283 542 3336 urnas
561 3293 593 3332 ac
611 3283 720 3331 nostros
741 3276 916 3347 philosophos
937 3284 1117 3337 constituisse.
1152 3285 1238 3342 Erunt

190 3367 254 3422 baeu
271 3371 422 3438 praecipue
443 3370 467 3421 al
488 3364 677 3436 disquirenda,
703 3365 750 3433 qui
767 3360 896 3416 ¹dramate
917 3360 1079 3420 Graecorum
1105 3369 1139 3424 ad
1164 3377 1235 3428 anti-

191 3470 259 3525 quae
276 3455 349 3510 artls
367 3454 442 3524 leges
463 3455 572 3522 exigere
593 3449 673 3502 uolet.
710 3445 811 3508 Quodsi
831 3449 858 3500 iu
876 3446 917 3503 bie
931 3453 1038 3519 saepius
1057 3455 1091 3509 ab
1108 3455 1237 3514 historica

190 3544 296 3596 ratione
315 3540 424 3594 deuenit
447 3537 625 3600 Aristoteles,
655 3539 730 3586 tanto
759 3535 844 3602 magis
864 3533 1022 3590 admiranda
1047 3547 1088 3594 est
1106 3543 1157 3596 uiri
1174 3560 1237 3614 per·

188 3626 354 3694 spirabiles,
377 3639 430 3696 qua
449 3622 583 3678 sacculum
606 3635 680 3674 suum
699 3619 893 3688 praecucurrit.

132 3707 170 3771 92)
187 3710 318 3764 Colleeta.
330 3708 415 3775 baeu,
436 3706 493 3772 rel,
512 3707 559 3761 ahi
575 3709 627 3760 uiri
642 3706 714 3759 ducti
729 3704 905 3774 eollegcriut,
925 3705 1068 3762 iudicatum
1087 3714 1114 3764 in
1134 3709 1239 3768 Fabriu.

189 3793 218 3850 B.
246 3794 278 3850 G.
307 3795 342 3850 Τ.
362 3795 400 3861 1.,
431 3798 506 3848 cuius
529 3807 618 3863 praec.
648 3790 700 3845 uld.
726 3807 751 3858 p.
775 3793 835 3848 ³79.
862 3805 921 3862 sqq.
946 3805 1008 3848 nor.
1029 3793 1070 3848 ed.
1095 3802 1122 3850 et
1144 3794 1240 3867 lloyrrii

188 3883 408 3949 copiosissimum
422 3878 485 3934 Euo.
504 3877 526 3932 l.
544 3878 578 3932 ad
600 3879 675 3947 Virg.
696 3875 761 3930 Aen.
781 3872 813 3927 ll.
1146 3889 1149 3894 ·

132 3962 172 4028 aa)
187 3962 215 4018 lo
232 3966 351 4020 ineditis
370 3963 445 4020 Fauo.
466 3963 487 4018 L
506 3964 576 4023 Bibl.
595 3965 678 4032 antiq.
696 3962 747 4015 litt.
766 3966 793 4014 ot
812 3963 907 4016 artium
927 3965 1087 4016 novissimae
1103 3959 1240 4032 Goettiug.

132 4049 172 4118 bt)
188 4049 254 4106 Nam
285 4053 317 4104 in
341 4050 426 4106 lliadc
451 4049 584 4104 naturalis
609 4051 650 4102 est
677 4045 744 4098 ordo
773 4061 860 4098 rarum
886 4052 1037 4116 gestarunt,
1063 4064 1111 4102 nrcc
1138 4050 1241 4103 initium

193 4140 299 4204 primae
320 4135 483 4206 rhapsodias
505 4137 631 4191 lectorem
653 4132 733 4186 ulitur
754 4129 825 4184 ducit
844 4134 870 4184 iu
890 4131 1000 4186 untedium
1020 4149 1124 4186 cursum
1144 4149 1241 4197 rerum,

191 4230 275 4294 atque
295 4226 329 4275 ut
346 4224 374 4276 lit
399 4224 544 4278 innecteris
565 4216 883 4287 rhapsodiisplerisquc:
919 4234 942 4274 u.
967 4234 989 4274 c.
1017 4220 1044 4272 in
1067 4215 1243 4291 Ἀριστείαις,

194 4313 221 4363 in
239 4310 346 4380 quibus
364 4306 430 4362 illud
451 4322 556 4378 quoque
575 4302 695 4358 notabile
721 4307 778 4368 cst,
808 4301 878 4370 quod
905 4301 1003 4360 beroea
1025 4305 1105 4374 plane
1122 4308 1161 4360 sic
1180 4319 1244 4374 pro·

195 4393 353 4460 ducantur,
370 4394 448 4464 quasi
467 4397 547 4448 antea
567 4407 622 4446 mon
639 4391 860 4459 comparulssent.
899 4386 959 4444 Vid.
978 4391 1007 4444 iu
1026 4406 1067 4459 pr.
1087 4395 1127 4444 A.
